2834 4750
539 234 746 334 senonis.
1116 238 1188 319 aas.

42 398 159 484 πηγῷ
186 398 246 478 μὲν
267 395 467 482 ἐρχόμενον,
489 399 617 484 φρουρᾷ
641 397 676 462 δλ
699 392 754 464 καί
781 394 863 486 κόμῃ
885 403 1009 466 πολλῶν
1033 405 1088 472 καί
1108 404 1188 486 ἀγα.

44 498 141 562 θοόν
169 499 310 581 ζοῖνδραῐν
332 499 607 583 συντηρούμενον,
636 501 916 583 καίστρατιωττόν
948 503 1008 568 oris
1029 503 1187 588 α’μοιροῦν,

47 599 94 662 ἐν
120 606 207 672 ταῖς
226 600 297 664 κατ’
311 599 488 682 ἐπιδρομὴν
509 595 680 668 ἐπιθέσεσι.
724 599 760 664 τό
786 601 821 663 δὲ
841 603 982 668 τοιοῦτον
996 609 1187 690 necaretis

48 698 233 782 φρουρὰν
255 692 322 780 εἶχε
346 699 848 784 Σαρακηνιόν,,α’ποταμιεόονσαν
871 705 980 778 ου’τοῖς
1000 699 1058 787 τὴν
1080 706 1126 779 εἰς
1148 705 1185 776 τό

16 801 141 883 ὅέξῆς
172 798 275 865 αὐτοῦ
297 799 550 866 καταδούλωσιν·
602 794 679 880 όπερ
711 797 839 882 ἔγγιστα
873 803 928 883 τῆς
950 807 1089 888 μεγάλης
1109 804 1187 876 Ἀγ-

48 898 223 982 τιοχείας
253 894 409 982 τυγχόνον
431 900 570 986 μεγάλην
605 902 690 988 αὐτῇ
710 899 832 984 βλάβην
852 900 907 964 καί
926 901 1131 986 παντοδαπόν
1151 907 1186 977 ἐκ

51 1000 134 1066 τεόν
163 1000 321 1066 ἐναντίων
341 1002 523 1086 ἐπιτρέψειν
545 999 667 1083 ἐμελλε,
689 1003 745 1072 καί
758 993 824 1068 οἷον
846 1003 1008 1078 α’ντίπολις
1029 996 1111 1068 εἶναι
1132 1009 1189 1074 καί

54 1099 248 1168 ἀντίθετον
269 1099 472 1184 καταγώγιον.
529 1096 603 1187 όρτι
638 1103 673 1166 δὲ
696 1103 753 1168 τοῦ
774 1105 932 1183 βασιλέως
960 1102 1188 1187 εότρεπιζαμέ-

54 1222 123 1264 νου
155 1199 242 1284 πρός
261 1201 318 1284 τήν
337 1203 434 1276 αὐτοῦ
464 1200 664 1287 πολιορκιάν,
688 1203 777 1292 φόβῳ
798 1207 1059 1279 κατασειοθέντες
1080 1201 1110 1268 οἱ
1129 1201 1187 1288 τὴν

6 1297 232 1388 λοφρουρόν
265 1301 549 1384 ἐμπεπιστευμένοι
579 1301 693 1368 τοότου
720 1304 902 1387 Σαρακιγνοί
922 1300 1032 1378 νυκτός
1063 1305 1186 1370 ἐκεῖθεν

56 1402 282 1488 α’ττέδρασαα
335 1397 350 1464 ό
375 1401 581 1485 δὲαβασιλεός
608 1400 776 1487 ἅνακωχὴν
796 1407 890 1467 τοῦτο
922 1407 978 1486 τῆς
997 1400 1186 1488 ἐργολαβίας

57 1507 181 1579 καλῶς
212 1502 428 1589 ἡγησόμενος,
448 1502 557 1590 τίθησι
576 1504 636 1586 μὲν
666 1505 767 1570 uereri
787 1527 849 1570 που
872 1504 928 1569 τόν
948 1504 1087 1587 χάρακα,
1111 1506 1186 1572 δια·
1244 1581 1248 1585 ,

58 1605 187 1693 τίθησι
210 1605 245 1670 δέ
271 1602 309 1669 τό
332 1606 398 1670 κατ’
421 1601 540 1680 αότοός
566 1605 750 1690 εόπροπαός,
773 1600 984 1689 στρατηγόντε
1006 1607 1061 1670 καί
1083 1627 1185 1692 φρον.
1230 1603 1243 1611 ’

63 1701 133 1788 ροὶν
160 1702 338 1789 ἐπιστήσας
364 1709 419 1772 καί
448 1705 587 1792 σιτήσεις
617 1707 846 1787 ἐναποθέμενος
872 1709 929 1772 καί
952 1706 1056 1775 πάντα
1079 1704 1120 1776 τό
1142 1711 1185 1796 τῷ

13 1823 50 1880 15
61 1811 180 1897 καιρῷ
205 1806 434 1887 διαταξάμενος
455 1803 636 1892 πρόσφορα.
688 1808 734 1872 ἐπ’
759 1805 861 1872 αέτοό
877 1812 983 1873 τοίνυν
1004 1810 1063 1872 τοῦ
1084 1811 1212 1889 piceo-f.
1233 1819 1283 1875 191
1295 1835 1320 1877 τ.

64 1910 155 1984 λέως
191 1900 325 1994 ἤρξαντο
347 1906 501 1988 Ῥωμαῖοι
530 1907 691 1989 πολεμίοις
724 1909 1000 1994 ἐντοφθαλμίζειν
1029 1912 1086 1975 καί
1104 1907 1183 1989 πρός

63 2007 295 2095 γενναιότερον
318 2010 489 2094 ἀναφέρειν
510 2011 603 2091 λόγον
625 2011 681 2072 καί
712 2013 924 2074 συνίστασθαι
948 2006 1027 2089 πρός
1050 2010 1183 2076 είντίθε.

65 2134 135 2191 σιν,
161 2107 232 2173 ἐπεί
249 2109 323 2191 τόγε
345 2107 427 2173 κατὰ
449 2107 524 2184 τοός
538 2108 881 2198 προβεβασιλευκότας,
906 2110 940 2187 ἐξ
960 2099 1057 2193 otioso
1075 2105 1183 2177 &Mo-

65 2209 220 2292 ναμάχος
244 2209 299 2274 καί
318 2207 349 2274 οἱ
370 2212 506 2294 καθεξῆς
527 2205 865 2294 ἐπεκρότησαν,”τιλῆν
886 2208 1067 2288 ἐπιδείξεως
1082 2208 1183 2294 μόνης

21 2311 128 2385 pexos*
153 2309 297 2395 πλήθους
317 2313 502 2394 συναγωγῆς
524 2308 633 2375 ου’δενί
652 2308 812 2393 καρτερόν
834 2307 911 2393 πρός
932 2305 1040 2395 μόχην
1061 2314 1180 2395 συνέρυ

68 2415 197 2497 ραξαν·
239 2411 282 2488 τός
305 2406 504 2496 εἶναιδῆλον
526 2404 577 2475 ότι
599 2412 656 2475 τοῦ
678 2409 824 2495 ἡγεμόνος
854 2406 897 2487 τίς
920 2412 1036 2479 ἐπίπαν
1058 2414 1128 2484 ἐστι’
1145 2411 1182 2483 τό

68 2512 328 2597 κατορθούμενον
353 2514 387 2581 ἐν
410 2508 495 2587 όλοις
517 2518 583 2585 τοῖς
604 2511 797 2595 πρόγμασιν.

174 2614 256 2683 Ἐπεί
284 2615 318 2681 δὲ
347 2614 366 2700 ἡ
398 2614 576 2699 Ἀντρόχεια
599 2615 868 2699 προκατειργαστο
899 2623 969 2689 ταῖς
990 2618 1180 2702 ἐπιδρομαῖς

71 2860 166 2905 autem
192 2851 333 2906 castellum
360 2867 376 2903 a
402 2852 470 2903 doce
494 2851 690 2905 administratur
718 2859 745 2903 et
771 2855 905 2920 praesidio
927 2862 959 2905 'et
986 2870 1051 2908 cura
1064 2859 1121 2926 ’(ατ
1145 2856 1180 2909 do

73 2939 177 2977 corona
203 2924 326 2976 arborum
353 2924 393 2976 sic
417 2923 461 2973 hie
488 2924 522 2975 de
550 2936 650 2975 corona
677 2922 813 2974 hominum
838 2924 1048 2996 intelligenda),
1077 2928 1178 2980 molto.

71 3012 130 3048 rum
156 2996 339 3063 bonorumque
364 2996 483 3047 virorum
512 3003 653 3060 servatur,
679 3010 769 3063 neque
787 2997 917 3047 militibus
936 3006 1010 3047 caret
1028 3000 1056 3049 in
1075 3000 1177 3064 impetn

72 3070 250 3121 accersionis.
288 3067 339 3119 hoc
359 3076 446 3119 autem
466 3074 528 3119 ante
548 3075 652 3135 captum
670 3066 832 3133 praesidium
851 3066 966 3119 habehat
984 3066 1178 3121 Saracenorum

74 3141 146 3207 quod
165 3139 291 3193 servabat
307 3139 341 3191 iis
359 3140 387 3190 in
406 3139 522 3191 futurum
542 3140 600 3193 eius
626 3140 801 3190 servitutem:
832 3138 901 3206 qood
927 3139 1033 3206 quidem
1057 3140 1178 3205 proxime

73 3212 239 3280 admagnam
252 3210 421 3263 Antiochiam
440 3212 518 3263 situm
532 3225 655 3277 magnum
675 3211 700 3260 ei
729 3209 850 3261 damnum
869 3217 896 3259 et
914 3211 1017 3261 νοτίοιο
1037 3226 1070 3262 ex
1089 3210 1178 3261 hosti.
1261 3234 1265 3239 ·

73 3284 123 3337 bus
145 3285 319 3335 excitaturum
340 3291 405 3346 erat,
426 3291 453 3333 et
470 3284 545 3351 quasi
564 3282 697 3333 contraria
716 3280 778 3332 urbs
798 3289 869 3333 osset
887 3296 1000 3333 necesse
1011 3290 1067 3333 orat
1079 3288 1107 3333 et
1125 3295 1177 3348 op.

75 3358 191 3423 positum
210 3356 402 3407 deversorium.
439 3370 525 3421 nuper
543 3361 630 3409 autem
649 3369 715 3421 rege
735 3353 793 3405 eius
812 3355 1038 3422 oppugnationem
1055 3360 1176 3420 parente,

74 3436 148 3480 metu
167 3427 282 3497 perculsi
302 3426 398 3495 quihus
417 3427 578 3493 praesidium
597 3426 674 3483 huius
694 3425 822 3477 creditum
853 3426 903 3478 fuit
928 3426 1070 3490 Saraceni,
1095 3433 1177 3477 nocte
1226 3423 1232 3433 '

75 3500 138 3551 inde
159 3499 294 3566 fugerunt.
310 3536 313 3539 -
331 3514 380 3549 rex
398 3505 485 3549 autem
505 3498 629 3553 indutias
640 3498 686 3549 has
706 3498 808 3564 incepti
828 3497 941 3565 pulchro
957 3512 1081 3561 censens,
1101 3498 1177 3564 ponit
1313 3499 1320 3510 ‘

76 3571 112 3621 ihi
133 3570 224 3637 aliquo
243 3570 307 3622 loco
325 3568 484 3632 vallum-et
502 3571 596 3623 dividit
616 3570 754 3623 omnia-iis
773 3576 844 3636 epte,
865 3571 959 3622 ducem
978 3569 1176 3636 etpreesidium

77 3643 234 3709 praeficiens
254 3650 281 3693 et
300 3640 426 3691 alimenta
444 3642 593 3707 imponens,
617 3650 643 3692 ct
662 3642 750 3693 omnia
768 3642 903 3694 occasioni
923 3648 1072 3708 opportuna
1088 3641 1176 3707 impe-

78 3730 146 3767 rans.
184 3715 232 3765 suh
250 3715 310 3779 ipso
330 3713 412 3780 igitur
430 3728 495 3779 rege
515 3721 661 3779 coeperunt
680 3712 775 3764 Graeci
795 3713 916 3764 hostibus
938 3719 1094 3779 praesentes
1104 3712 1175 3763 resi.
1259 3716 1268 3727 ‘

78 3794 146 3837 stere
166 3793 193 3837 et
211 3786 243 3837 ad
260 3782 427 3839 nobilitatem
447 3784 543 3835 eiierre
561 3786 692 3835 rationem
712 3793 738 3836 et
756 3785 903 3838 consistere
917 3784 950 3834 ed
968 3784 1174 3850 oppositionem,

79 3874 134 3908 cum
154 3859 224 3925 qnod
245 3857 276 3907 ad
296 3856 400 3924 priores
418 3855 535 3922 pertinet
553 3871 642 3922 roges,
662 3871 696 3906 ex
715 3870 767 3925 quo
787 3855 975 3909 Monomachus
995 3864 1022 3906 et
1046 3856 1174 3922 deinceps

79 3931 161 3983 secuti
179 3936 332 3997 regnarunt,
352 3936 458 3993 praeter
477 3927 628 3981 iactantiam
647 3927 731 3979 solam
757 3935 784 3977 et
804 3926 978 3979 multitudinis
1006 3930 1173 3980 coactionem

78 4001 143 4051 nulli
153 4002 185 4057 ad
204 4008 367 4053 constantem
382 4014 496 4066 pugnarn
507 3999 644 4063 congressi
661 4006 761 4059 essent,
780 4000 816 4049 ita
827 4006 856 4049 ut
867 4001 982 4065 perspici
993 4001 1087 4065 possit,
1097 4000 1172 4053 decis

80 4073 183 4125 omnino
203 4087 263 4125 esse
283 4080 407 4123 eventum
427 4072 454 4122 in
476 4068 596 4121 omuibus
621 4068 709 4121 rebus.

177 4140 242 4199 Gom
262 4150 350 4199 autem
369 4141 512 4197 Antiochia
532 4140 654 4193 confecta
674 4148 746 4197 esset
769 4140 967 4194 accessionibus
995 4147 1022 4192 et
1047 4140 1171 4200 frumenti
