2834 4750
250 249 320 328 ttd
543 213 763 328 sicutnus
791 260 1055 330 sutnsortn

246 430 281 495 ἐκ
302 431 364 494 τιόν
384 430 510 513 πληγοόν
539 427 670 504 όδόναις
700 429 957 510 ἐπιστενόζονιες
990 423 1079 516 ἦσαν.
1133 433 1354 514 ἀναγκασθείς

247 530 277 594 δ’
302 526 490 612 δβοσιλεός
509 527 623 613 ἐξῆλθε
655 527 735 612 μετὰ
756 533 814 595 τυό
844 534 957 594 λοιποῦ
979 529 1122 618 πλήθους
1142 533 1190 609 είς
1209 531 1275 615 την
1296 535 1354 594 τόν

246 631 470 712 πραττομένων
484 633 576 708 θίαν,
597 633 653 695 καί
674 629 755 697 dore
777 630 866 707 εἴτις
891 633 979 720 stip
992 635 1077 698 ἐπίοι
1091 634 1242 714 πόλεμος,
1267 636 1356 715 ἀγω-

246 726 409 795 νίσασθαι.
464 735 563 814 μέχρι
591 732 621 794 δ’
639 729 776 814 ἐσπίρυις
805 737 860 799 ἐπί
888 739 983 798 τινιόν
1004 733 1112 820 λόφων
1134 730 1241 808 ἐστιός
1265 734 1354 817 ἀφη-

214 905 218 914 x
246 830 327 911 λιόν,
348 832 477 914 ἐπείπερ
500 830 558 894 οόιι
581 827 646 899 sits
667 857 739 896 τινα
761 831 815 899 τόν
836 833 1185 918 ἀντικοτοστησόμενον
1217 834 1267 920 (οἱ
1293 831 1374 917 γάρ5

249 933 382 1012 Τοόριιοι
404 935 537 1020 πονηρίᾳ
565 935 620 997 καί
651 935 774 1024 ἐπινοίρ
792 936 957 1023 βαθυτάτη
983 937 1141 1014 συζάντες
1160 932 1218 1000 διά
1242 960 1354 1020 μηχα-

246 1035 310 1098 sois
330 1027 365 1096 τό
380 1034 443 1095 πᾶν
458 1035 653 1116 κατορθοῦσι
672 1033 728 1098 καί
748 1039 910 1101 συστολοόν
930 1035 1249 1123 ἀπηγκωνισμένων),
1275 1031 1354 1098 όπέ-

246 1146 384 1215 στρεψεν
414 1133 460 1208 τίς
486 1129 544 1216 τὴν
568 1130 790 1217 παρεμβολήν,
820 1127 896 1219 όρτι
932 1137 988 1200 τοό
1010 1135 1101 1219 ἡλίου
1129 1134 1163 1200 τό
1188 1135 1279 1218 ἀπέρ
1300 1138 1353 1217 γῆν

244 1231 456 1316 ἡμισφαίριον
478 1233 709 1308 ἀπολείποντος.
754 1231 783 1298 σῖ
805 1236 840 1297 δέ
862 1238 998 1317 Τοόρκοι
1020 1231 1127 1319 ἀσπερ
1150 1232 1212 1299 ἀπό
1242 1259 1353 1318 μηχα-

245 1336 301 1415 νῆς
322 1330 453 1396 κατόπιν
483 1336 709 1416 περιχυθέντες
738 1342 802 1410 τοῖς
833 1331 918 1410 ἐκτός
946 1341 1001 1420 τῆς
1032 1337 1240 1417 παρεμβολῆς
1260 1330 1382 1404 ‚End-lt

245 1437 321 1506 θοις
345 1434 486 1508 καὶτοῖς
510 1438 653 1500 πωλοόσι
674 1432 714 1500 τό
737 1426 818 1500 υόυιυι
848 1419 1010 1521 ῥαγδαίους
1029 1439 1244 1516 προσέβαλον,
1269 1436 1350 1498 ἀλσ-

247 1539 318 1606 κοίς
339 1529 477 1616 ἀσήμοις
510 1535 565 1599 κοί
585 1527 675 1612 τόξου
698 1540 808 1617 βολαῖς
822 1540 892 1614 ,καί
912 1534 1155 1620 περιιππεόσεσι
1183 1520 1291 1623 φόνου
1316 1526 1349 1595 οό

244 1630 360 1716 μικρόν
382 1636 436 1698 καί
459 1635 602 1700 κίνδυνον
622 1635 729 1711 αότοῖς
750 1639 971 1722 ἐπιφέροντες·
1026 1634 1101 1700 ὅθεν
1128 1634 1183 1700 καί
1213 1631 1350 1720 ἦναγκά·

245 1736 370 1818 σθησον
392 1733 421 1798 οἱ
442 1734 497 1819 τήν
517 1731 632 1822 ἔφοδον
648 1733 861 1821 ἀφιστάμενοι
882 1737 971 1814 ἐντός
992 1739 1141 1821 γενέσθαι
1164 1739 1223 1800 τοῦ
1243 1737 1350 1820 χόρο-

107 1826 127 1882 s·
147 1826 308 1909 ι99ῐ·ιιυς.
352 1835 468 1919 ἀθρόοι
497 1842 605 1902 τοίνυν
636 1831 729 1913 ἄλλος
763 1844 835 1903 κατ’
859 1831 953 1903 ἀλλον
981 1833 1023 1915 ἀς
1043 1835 1107 1902 ἀπὸ
1129 1832 1278 1921 διωγμοῦ
1299 1833 1380 1919 τηνλί

246 1931 369 2000 εἰσόδου
388 1934 583 2018 βιαζόμενοι,
605 1938 743 2022 μεγάλης
762 1943 907 2023 ταραχῆς
939 1936 1014 2014 τοός
1035 1917 1126 2002 ἔυδάν
1148 1940 1348 2024 ἐπλήρωσαν,

251 2038 416 2117 οἰομένους
447 2038 503 2103 καί
533 2037 609 2114 τοός
628 2043 788 2114 ἐναντίους
807 2046 1044 2119 συνεισπεσεῖν,
1066 2043 1122 2103 καί
1141 2042 1251 2104 πόσον
1272 2035 1350 2119 δμοό

247 2139 526 2224 τῆνζπορεμβολιῖν
541 2137 621 2224 μετά
640 2142 695 2225 τῆς
717 2135 791 2225 όλης
811 2140 988 2224 ἀποσκευῆς
1002 2141 1153 2223 γενέσθαι
1173 2138 1347 2222 ἀλοόσιμον.

248 2237 307 2315 νόξ
327 2234 387 2321 γόρ
412 2238 564 2324 ἀσέληυος
585 2233 639 2326 ηὐ,
669 2241 726 2305 καί
756 2238 914 2324 διάιιρισις
936 2242 992 2304 οάκ
1020 2233 1060 2324 ἦν
1082 2244 1144 2304 τῶν
1165 2239 1348 2325 φευγόντων

246 2332 351 2424 ἧκόν
373 2339 575 2425 διωκόντων,
602 2343 666 2427 ζιιαί
685 2343 767 2417 τίνες
790 2342 845 2426 τῆς
867 2341 1013 2419 ἐναντίας
1044 2339 1160 2426 μοίρας
1180 2343 1270 2407 εἰσί·
1313 2335 1379 2403 adid

246 2440 308 2524 γάρ
334 2444 550 2509 τωνΣκυθάν
579 2446 839 2530 μισθοφορικόν,
872 2446 1011 2528 ἐμφερὲς
1047 2444 1126 2507 κοτά
1160 2443 1265 2508 πόντοι
1286 2449 1347 2513 τοῖς

251 2538 403 2625 Τοόρκοις
425 2534 470 2625 όν,
495 2546 675 2630 ἀμφίβολον
698 2544 799 2608 ἐποίει
827 2544 862 2608 τὸ
885 2547 943 2608 νόν
963 2547 1168 2627 ἐπικείμενον.
1211 2541 1287 2607 τότε
1309 2538 1344 2623 δη“

247 2638 315 2706 τότε
335 2641 390 2707 καί
411 2641 510 2729 φόβος
532 2640 670 2722 ἐξαίσιος
690 2644 746 2709 καί
768 2644 858 2728 λόγος
875 2646 1030 2741 ὶἀπαίσιος
1060 2648 1115 2740 καί
1139 2642 1199 2727 pice}
1222 2667 1343 2725 συμμι-

249 2953 295 2993 τιιι
319 2946 360 2992 est
381 2954 442 3014 cnm
457 2940 563 3011 reliqua
579 2940 750 2995 multitudine
768 2942 800 2993 ud
826 2954 917 2994 eorum
935 2956 1004 3010 qnae
1031 2940 1129 2992 fierent
1145 2939 1301 3005 adspectum
1320 2943 1344 2986 et

249 3010 372 3079 tanquam
390 3012 491 3069 bellum
510 3014 655 3083 gerendum
674 3014 724 3066 sibi
742 3015 868 3066 instaret:
888 3029 946 3064 cum
965 3027 1031 3065 vcro
1050 3011 1082 3062 ad
1101 3025 1245 3077 vesperum
1263 3022 1344 3075 usque

249 3082 364 3136 collibus
384 3084 539 3155 quibusdum
557 3087 699 3139 insedisset
721 3085 799 3150 altis,
818 3086 1004 3153 neminemque
1023 3084 1069 3152 qui
1096 3084 1180 3149 ipsum
1200 3095 1343 3149 aggressu-

247 3170 292 3207 rus
314 3154 390 3209 esset'
404 3160 588 3226 conspexisset
607 3157 722 3227 (Turcue
742 3159 811 3209 enim
826 3156 994 3222 improbitate
1014 3164 1040 3206 et
1058 3153 1121 3206 dolo
1139 3168 1217 3221 quum
1235 3153 1343 3203 maxime

247 3225 339 3279 imbuti
358 3229 461 3282 insidiis
481 3232 569 3281 omnia
587 3236 669 3298 agunt
687 3228 885 3296 audacibusque
898 3228 1011 3296 artibus)
1031 3228 1059 3276 in
1077 3220 1164 3277 casira
1180 3223 1270 3286 rediit,
1290 3219 1344 3273 sole

246 3299 298 3349 iam
322 3309 441 3353 nostrum
470 3310 558 3353 terrae
585 3301 719 3352 dimidium
751 3300 932 3368 relinquentes
982 3298 1081 3350 Tuscae
1107 3304 1194 3346 autem
1224 3303 1342 3361 tauquam

247 3384 295 3437 per
314 3372 423 3423 insidias
450 3388 465 3421 a
490 3382 566 3439 terge
586 3372 739 3423 circumfusi
765 3387 828 3435 ees,
855 3373 901 3438 qui
923 3378 997 3421 extra
1025 3374 1214 3431 castrassent,
1235 3364 1341 3431 Scythas

249 3442 339 3511 etqui
357 3457 460 3493 merces
479 3442 646 3504 vendebant,
675 3457 770 3510 magno
791 3458 850 3493 cum
875 3443 975 3507 impetu
999 3442 1120 3509 aggressi
1147 3433 1340 3502 sentinemus

249 3514 395 3566 ululatibus
415 3521 442 3564 et
460 3528 536 3565 arcus
562 3513 675 3563 iactibus
700 3521 727 3563 et
746 3515 821 3580 equis
841 3514 1013 3564 circumvecti
1040 3512 1147 3562 caedem
1165 3525 1220 3561 nen
1238 3518 1340 3585 pervent

249 3593 276 3637 ct
295 3584 443 3651 periculum
463 3586 495 3635 iis
514 3585 672 3634 afferentes:
700 3584 869 3650 quamebrem
899 3585 977 3634 ctiam
1002 3584 1087 3634 coacti
1108 3590 1179 3645 sunt,
1198 3581 1244 3648 qni
1263 3584 1341 3644 porus

250 3657 401 3719 adstarent,
429 3655 498 3706 intra
516 3669 643 3721 aggerem
661 3654 759 3704 redire.
803 3657 893 3723 itaque
918 3654 965 3705 alii
983 3651 1052 3705 aliod
1070 3660 1213 3722 sequentes
1233 3666 1290 3701 curn
1307 3646 1340 3698 sir

249 3736 279 3777 ut
304 3728 331 3776 in
357 3727 545 3793 persecutione
568 3726 597 3776 in
621 3734 724 3790 portam
750 3727 897 3789 irruerent,
926 3740 972 3777 eos
998 3726 1042 3793 qui
1062 3727 1132 3777 intus
1161 3731 1237 3774 erant
1254 3730 1341 3787 magna

247 3797 427 3862 'trepidatione
446 3795 599 3862 implerunt,
618 3797 717 3864 qnippe
737 3798 782 3865 qui
811 3797 902 3849 hostes
920 3812 1027 3866 quoquc
1046 3796 1124 3849 simul
1144 3795 1255 3865 ingrediu
1269 3798 1340 3858 puts·
1363 3801 1367 3811 ‘

248 3873 309 3918 sent
331 3874 440 3933 totaque
472 3868 570 3919 castra'
585 3882 637 3919 uua
662 3884 721 3919 cum
749 3870 820 3921 omui
845 3877 973 3934 apparatu
999 3869 1154 3934 expugnari.
1198 3881 1252 3916 nox
1278 3861 1340 3911 eninr

249 3938 312 3989 luna
332 3936 454 4000 carebat,
484 3953 572 4005 neque
591 3938 673 3989 ullum
692 3949 750 3992 crat
773 3942 914 3992 discrimen
934 3940 1092 4008 fugientium
1118 3938 1161 3990 vel
1181 3947 1340 4006 persequen-

248 4010 313 4059 tium
331 4023 420 4076 neque
440 4011 483 4076 qui
503 4010 536 4062 ab
556 4010 644 4063 aliena
663 4020 764 4064 starent
782 4019 866 4080 parte.
898 4012 1027 4077 ‘Scythae
1057 4011 1127 4060 enim
1145 4008 1302 4060 mercenarii
1318 4008 1341 4051 ct

249 4079 356 4130 omnino
376 4078 467 4133 Tureis
485 4082 612 4135 simillimi
632 4084 776 4153 ancipitem
795 4092 850 4135 tum
873 4098 961 4135 rerum
981 4090 1077 4135 statum
1095 4081 1274 4133 reddiderunt.
1292 4084 1339 4129 tum

250 4164 316 4205 rere
335 4151 431 4219 ingens
460 4153 539 4206 timor
567 4163 594 4206 et
617 4170 706 4207 rumor
730 4155 863 4209 infaustus
889 4163 915 4206 et
934 4154 1035 4205 clamor
1054 4151 1222 4205 turbulentus
1250 4158 1277 4201 ct
1301 4154 1340 4198 tu-
