2834 4750
549 249 758 348 ursronra
1001 304 1008 313 ·
1131 220 1208 356 too

84 451 211 525 θέσεις
232 451 265 515 ἐν
284 447 418 533 κρίσεσι,
441 446 564 524 πάντως
587 443 627 514 άν
648 449 706 512 oda
727 447 760 527 ἐξ
782 451 879 536 ἀκοῆς
898 447 1208 530 ἀλλ”ἐξαάτοπτιλες

84 547 137 615 τσὶ
168 552 301 632 καθεξῆς
325 548 512 633 παραδώσει
536 547 590 614 διά
609 554 737 636 γραφῆς
759 559 824 625 τοῖς
844 544 1023 631 μετέπειτα.

203 644 280 732 Εἶχε
298 653 358 729 μὲν
382 639 592 731 οένέβασιλέα
607 651 625 736 ῆ
642 651 703 715 ταῖν
722 655 875 717 Βιθυνῶν
890 653 1041 737 ἐπαρχία,
1064 657 1119 720 καί
1137 660 1207 738 μετ’

88 749 208 834 αὐτήν
233 753 376 836 Φρυγία,
407 749 440 814 τά
463 754 550 830 θέμα
583 755 663 834 λέγω
687 753 751 816 τάν
772 751 978 816 ἀνατολικῶν.
1032 756 1088 818 καί
1108 754 1208 840 συνή-

52 863 192 934 5γοντο
229 849 522 941 ἐκ·ἀιαταγμάτων
560 841 863 937 προσφοιτησάντων
894 850 924 916 οἱ
947 857 1011 916 τάν
1038 854 1208 937 ταγμάτων

86 949 306 1033 ἐξάρχοντες,
340 955 395 1015 καί
418 944 488 1016 ὅσοι
510 952 567 1034 τήν
598 955 686 1032 τάξιν
710 953 908 1034 ἀνεπλήρουν
930 949 1062 1019 ἑκάστου
1087 954 1207 1038 τάγμα·

87 1073 161 1126 τος.
207 1055 263 1115 καί
284 1044 321 1136 ῆν
340 1055 420 1118 ideo
440 1052 512 1128 τοὺς
534 1051 721 1136 διαβοήτους
755 1052 872 1137 λάχους
893 1055 926 1131 ἐξ
949 1053 1063 1136 ὀλίγων
1084 1078 1208 1138 συγκει.

87 1153 217 1232 μένους
239 1152 384 1250 ἀνδρῶν,
408 1157 462 1217 καί
479 1155 599 1218 τούτων
627 1151 871 1239 συγκεκυφάτων
894 1157 934 1241 τῆ
957 1158 1047 1240 πενίη
1069 1153 1126 1218 καί
1144 1181 1210 1219 πα-

89 1257 233 1327 νσπλιάς
255 1256 473 1337 ἐστερημένον
494 1255 550 1318 καί
571 1255 670 1319 ἵππου
694 1259 885 1338 πολεμικῆς·
930 1257 964 1318 ἐκ
985 1255 1125 1330 πλείονος
1145 1255 1207 1338 γάρ

38 1364 78 1416 10
91 1355 381 1436 παραμεληθέντες
401 1347 467 1417 άτέ
475 1359 558 1439 μηδὲ
579 1359 736 1436 βασιλέως
757 1360 1037 1438 στρατευσαμένου
1055 1353 1109 1418 διά
1130 1360 1209 1418 πολ-ὲ

91 1449 343 1536 λῶυμένιαυτοάν
366 1447 448 1538 περί.
458 1454 514 1540 τήν
536 1452 630 1538 ἐάαν,
666 1461 720 1520 καί
741 1458 792 1522 τὸν
814 1456 1038 1542 ἀφωρισμένον
1057 1454 1206 1538 ἀψωνια-

91 1553 181 1634 σμόν
202 1553 245 1637 μή
272 1557 494 1641 ἀπειληφότες,
518 1561 573 1622 καί
593 1555 674 1624 κατά
696 1556 809 1641 μικρὸν
830 1558 897 1633 τοίς
919 1559 1070 1632 ἐναντίοις
1092 1558 1126 1620 ἐκ
1149 1560 1204 1642 τῆς

92 1652 388 1740 ἀπαρασκευάστου
420 1663 596 1744 προσβολῆς
629 1661 683 1722 καί
708 1660 832 1742 λυπράς
857 1660 1127 1738 καταβαλλόμενοι
1152 1659 1209 1722 καί

93 1753 295 1838 τρεπόμενοι,
320 1752 420 1834 οάτως
442 1762 486 1834 εἰς
500 1761 634 1844 ἐσχάτην
654 1764 873 1843 ταλαιπωρίαν
893 1762 1116 1833 συνελαθέντες
1139 1760 1206 1822 δει-

43 1863 81 1914 15
93 1855 150 1919 λοί
171 1861 226 1921 καί
248 1856 414 1934 ἀνάλκιδες
436 1857 491 1926 καί
512 1860 591 1944 πρὸς
606 1862 697 1925 οὐδὲν
719 1869 860 1942 γενναῖον
874 1858 1124 1942 χρησιμεάυντες
1146 1881 1205 1921 κα-

92 1955 294 2043 τεφαίνοντο.
348 1959 391 2036 ἀς
420 1963 456 2027 δὲ
476 1966 535 2025 καί
554 1959 656 2037 αὐτάς
690 1964 748 2036 τάς
772 1960 912 2076 σημαίας
931 1959 1105 2039 μονουουχί
1124 1982 1202 2022 σιω-

93 2059 206 2141 πηρῶς
229 2058 494 2146 ἀποφθέγγεσθαι
515 2065 612 2125 ταῦτα
626 2103 641 2142 ‚v
656 2058 793 2143 πιναράς
816 2059 979 2141 ορωμένας
1006 2053 1111 2141 ἀσπερ
1138 2056 1201 2122 άπά

94 2161 221 2220 καπνοῦ
241 2161 459 2248 καίίἀπαδοάς
480 2163 694 2245 ἐφεπομένους
727 2156 863 2242 έχοάσας
890 2152 1128 2241 εὐαριθμήτους
1150 2160 1204 2222 καί

93 2257 277 2341 πενιχροάς.
329 2260 447 2344 πολλήν
475 2262 620 2344 ἀθυμίαν
642 2266 800 2346 προσῆγον
830 2261 1104 2340 ἀναλογιζομένοις
1126 2251 1204 2322 ὅθεν

45 2359 153 2427 wael
173 2362 245 2425 τίνα
266 2359 384 2446 τρόπον
406 2363 451 2437 εἰς
475 2362 510 2426 τά
534 2364 668 2447 ἀρχαῖον
689 2358 953 2427 ἐπανελεάσονιαι
975 2357 1030 2422 καί
1047 2355 1101 2440 τήν
1122 2381 1204 2439 προ-

93 2464 191 2542 τέραν
214 2457 306 2538 ἀξίαν
327 2462 362 2526 τά
381 2462 614 2547 στρατιωτικόν,
631 2466 685 2529 καί
707 2461 759 2527 διά
776 2461 875 2526 πόσου
896 2465 954 2526 τοῦ
976 2459 1094 2545 χρόνου
1119 2462 1201 2524 ἀνα-

94 2566 273 2644 καλέσσιτο,
295 2569 357 2629 ταῖν
376 2567 436 2645 μὲν
455 2567 729 2647 ὑπολελειμμένων
751 2546 817 2639 τοῖς
841 2565 998 2648 τάγμασιν
1013 2563 1127 2645 σ’λίγων
1149 2554 1201 2623 ἐν.

94 2685 160 2727 των
181 2666 236 2727 καί
257 2665 483 2746 ἀπορουμένων
507 2673 572 2742 τοῖς
593 2660 700 2741 ὅπλοις
723 2668 776 2730 καί
797 2673 860 2739 τοῖς
883 2666 917 2728 ἐκ
940 2664 1001 2729 τάν
1024 2662 1127 2728 ἵππων
1151 2683 1202 2724 κι-

168 2849 194 2902 7.
214 2848 315 2924 λόγους
333 2830 381 2907 καί
399 2846 538 2930 λοχαγρὺς
556 2856 585 2916 ἐξ
602 2852 631 2907 (λ
722 2852 764 2906 to.
784 2867 818 2904 an
837 2850 931 2907 ὥστεθ

97 3026 213 3091 iudiciis,
235 3027 342 3077 omnino
361 3042 414 3078 non
436 3043 451 3078 e
471 3026 550 3078 lando
570 3027 617 3078 sed
638 3041 670 3077 ex
688 3027 722 3076 iis
741 3039 810 3093 quae
826 3026 885 3090 ipse
904 3023 981 3085 vidit,
992 3020 1120 3087 deinceps
1131 3020 1201 3073 iacta

96 3099 184 3149 tradet
202 3098 272 3154 libro
291 3100 415 3166 posteris.
674 3105 678 3113 ’

197 3185 318 3239 Habebat
335 3188 418 3255 igitur
437 3203 529 3256 regem
548 3186 688 3254 provincia
706 3185 882 3252 Bithynorum
903 3189 1008 3249 etpost
1035 3196 1092 3231 canu
1112 3180 1223 3246 Phry.'

99 3260 152 3328 gia,
172 3260 338 3326 provinciam
359 3260 524 3328 (legionem)
545 3259 604 3309 dico
625 3258 753 3320 orientis,
774 3264 801 3307 et
819 3254 983 3322 cogebantur
1003 3269 1036 3304 ex
1063 3252 1199 3304 ordinibus

99 3331 303 3393 advenientibus
327 3332 447 3383 ordinum
466 3330 596 3397 praefecti
617 3330 814 3397 etquicunque
839 3327 923 3376 acienr
944 3323 1087 3390 explebant
1107 3324 1199 3374 cuius.

100 3418 151 3470 que
176 3404 294 3465 ordinis,
320 3410 346 3452 et
371 3409 494 3468 poterant
519 3401 633 3467 spectari
661 3400 784 3451 celebres
807 3397 945 3451 centuriae
965 3404 992 3448 et
1011 3396 1199 3459 centuriones,

101 3492 133 3527 ex
147 3476 238 3540 paucis
264 3476 428 3539 compositae
453 3474 518 3525 viris
546 3476 632 3541 iisque
652 3474 788 3524 curuvatis
808 3478 927 3539 egestate
947 3477 974 3519 et
991 3468 1069 3519 armis
1088 3466 1201 3531 privatis

100 3556 126 3599 et
146 3546 263 3613 equitatu
282 3544 364 3596 belli:
384 3546 521 3595 maximam
541 3547 610 3599 enirn
629 3553 729 3611 partem
748 3544 883 3611 neglecti,
900 3557 958 3591 curn
976 3553 1011 3588 ne
1030 3553 1079 3588 rex
1097 3536 1203 3603 quidem

99 3617 235 3686 proiectus
265 3626 336 3667 esset
365 3630 413 3681 per
440 3614 536 3683 multos
562 3632 644 3667 annos
671 3617 743 3667 circa
772 3617 926 3675 orientem,
953 3623 1041 3675 neque
1068 3607 1202 3658 delinitum

100 3697 271 3742 commeatum
291 3688 380 3754 adepti
401 3692 427 3735 et
441 3702 527 3752 paene
548 3687 580 3757 ab
600 3687 720 3739 hostibus
750 3694 859 3752 propter
888 3684 1041 3748 imparatam
1066 3679 1201 3731 incursio..

99 3776 158 3813 nem
179 3768 205 3809 ct
223 3760 345 3811 miseram
365 3757 462 3809 deiecti
484 3760 610 3822 utrensi,
630 3758 666 3808 ita
686 3760 713 3807 in
734 3765 876 3807 extremam
894 3752 1028 3804 miseriam
1047 3750 1135 3801 coacti
1156 3751 1202 3818 ig·

98 3834 159 3885 navi
181 3840 207 3881 et
225 3832 320 3882 infirmi
343 3840 369 3883 et
397 3830 427 3880 ad
447 3829 547 3881 nullam
576 3847 631 3882 rem
654 3829 772 3895 nobilem
798 3825 879 3878 utiles
906 3820 1085 3889 apparebant,
1110 3822 1146 3871 ita
1173 3829 1202 3871 ut

63 3948 67 3957 .
99 3908 154 3971 ipsa
174 3903 251 3969 signa
270 3903 396 3954 militaria
423 3916 509 3968 paene
535 3904 615 3952 tacite
635 3901 702 3952 baec
726 3904 893 3957 enarrarent,
918 3893 1023 3946 sordida
1047 3894 1202 3959 apparentia

100 3976 173 4044 quasi
193 3975 280 4036 lumo,
308 3983 335 4025 et
367 3974 477 4023 comites
497 3972 621 4022 babentia
639 3978 781 4037 sequentes
802 3976 828 4019 et
841 3980 939 4033 paucos
960 3973 986 4015 et
1005 3980 1155 4031 pauperes,
1176 3963 1202 4013 id

100 4047 169 4115 quod
187 4046 295 4096 multam
314 4046 448 4114 ignaviam
468 4044 575 4094 allerret
593 4040 787 4108 reputantibus,
808 4040 877 4090 unde
891 4046 917 4090 et
931 4037 1061 4105 quomodo
1081 4037 1108 4086 in
1130 4036 1200 4086 anti.

102 4134 179 4186 qurum
198 4117 317 4168 redirent
338 4125 365 4169 et
390 4116 506 4183 priorem
528 4116 681 4183 dignitatem
709 4114 842 4165 exereitus
863 4120 889 4162 et
906 4125 955 4178 per
985 4116 1109 4176 quantum
1132 4114 1201 4157 tem-

100 4204 147 4259 pus
178 4194 329 4253 reuocaret,
350 4203 408 4240 cum
428 4185 517 4238 relicti
537 4186 671 4239 ordinibus
689 4185 768 4252 pauci
789 4190 878 4237 essent
896 4189 922 4233 et
934 4179 1104 4233 inexercitati
1123 4174 1201 4228 aruris
