2834 4750
194 263 265 342 1³4
478 267 698 338 urcunsurs
731 265 989 336 amanum
1409 335 1411 349 ,

1409 369 1411 396 Ι

191 437 266 500 λαοί
287 433 473 518 φημιζσνσι·
497 429 571 505 θεός
593 431 681 506 νῦτις
703 429 774 494 ἐστί
795 432 851 494 κατ’
869 427 962 512 αῦτή.
1005 433 1325 514 προκατειργασμέ-
1408 432 1411 532 l

191 559 240 600 νοι
264 531 325 616 ηέρ
351 521 436 606 όντες
466 527 521 606 τός
542 529 652 612 ψυχὰς
678 527 707 594 οἱ
728 526 878 610 Ῥωμαῖοι
910 532 954 616 τῷ
987 528 1078 617 φόβῳ
1100 531 1165 593 τῶν
1195 530 1322 614 Ταῦρ-

194 658 279 712 κων,
312 631 355 706 τός
375 633 431 694 τοῦ
452 635 610 712 βασιλέως
638 632 693 694 καί
713 633 770 695 τοῦ
789 631 902 694 λοιποῦ
923 624 1137 713 διερρόγηοαν
1155 631 1320 713 πλήθους
1404 664 1405 689 1

191 728 247 799 κέατ’
270 735 314 808 εἰς
339 731 443 814 ὁρμὰς
463 735 523 796 τῶν
555 731 706 796 ἐναντίων
734 730 789 796 καί
813 728 1027 815 φενακισμοός
1053 732 1088 806 ἐξ
1116 731 1320 808 ἐπιδείξεως

191 834 366 915 πολεμικῶν
379 836 605 918 περιέστησαν,
628 836 737 907 πτοίας
757 835 949 917 πλησθέντες
970 829 1095 904 καὶτὰς
1110 829 1234 913 ψυχας
1250 839 1344 892 κτα-5

192 936 413 1008 τασεισθέντες
436 931 567 997 κατόπιν
598 937 656 997 τοῦ
685 922 850 1016 βασιλέωςΙ
872 930 1039 1015 ἐβάδιζον,
1066 930 1207 1017 α’φέντες
1236 930 1319 1004 τοῦς

192 1035 309 1110 τόπους
331 1035 468 1108 ἐκείνους
490 1024 535 1098 οῦν
557 1030 615 1116 τήν
638 1031 784 1118 φυλακήν
808 1031 1039 1117 ἐπετράπησαν,
1059 1033 1120 1105 ἓως
1142 1030 1230 1096 κατὰ
1253 1056 1318 1113 μι-

61 1147 81 1204 l.
102 1144 268 1216 194τ.κρον
292 1136 337 1208 εἰς
357 1132 432 1208 τοῦς
453 1135 638 1218 εἰρημένους
658 1133 789 1207 Ἀνθίας
803 1133 1014 1217 κατήντησαν·
1057 1131 1138 1196 ἔνθα
1155 1136 1225 1196 τῶν
1250 1153 1320 1194 πσ-

193 1238 310 1316 λεμίων
332 1235 496 1318 φανέντων
519 1235 552 1310 ἐξ
575 1233 739 1316 οῦραηιάς,
764 1234 863 1314 μηδὲν
885 1230 1009 1313 τόγινές
1030 1235 1086 1294 καί
1105 1222 1198 1318 ῦξιον
1214 1229 1319 1312 λόγου
1409 1244 1411 1308 ξ

195 1327 413 1418 φρονήσαντες
434 1327 572 1416 αἰσχρόν
604 1330 663 1415 τήν
696 1330 801 1415 φυγήν
822 1331 876 1394 καί
896 1330 957 1413 πρό
988 1333 1047 1396 τοῦ
1078 1330 1357 1413 α’γωνίσματοςλο

197 1432 333 1511 εἵλοντο,
362 1431 417 1494 κατ’
444 1435 669 1514 περιχυθέντες
699 1428 756 1494 τόν
781 1434 930 1514 Ταῦρον,
959 1427 1068 1512 οἱμὲν
1090 1433 1125 1494 ἐκ
1150 1426 1252 1503 ποδὸς
1281 1427 1316 1493 οἱ

195 1533 230 1594 δέ
256 1531 309 1594 διό
333 1535 396 1593 rev
416 1535 536 1610 ἳππων,
568 1533 860 1604 ἀποσκεδασθέντες
889 1531 934 1605 εἰς
960 1528 1019 1614 τήν
1040 1532 1224 1614 Κελτοίνην
1243 1556 1315 1593 κα·

193 1630 367 1713 τήντησαν,
404 1633 466 1694 τοῖν
495 1632 651 1710 πολεμίων
680 1628 783 1714 πάσης
817 1633 873 1712 τής
902 1630 1024 1694 τούτων
1061 1617 1316 1713 aversabamur

194 1729 373 1812 όποοκευής
392 1733 447 1794 καί
468 1732 561 1794 τινῶν
584 1728 707 1812 σ’λίγων,
735 1725 806 1794 όσοι
825 1732 881 1814 τῆς
904 1730 1006 1814 φυγῆς
1026 1727 1084 1814 τήν
1105 1732 1315 1818 ἐπιτομωτέ-

196 1855 255 1915 ραν
276 1824 401 1906 έαυτοῖς
422 1834 480 1894 οῦκ
500 1832 809 1915 ἐπραγματεύσαντο.
1321 1852 1352 1904 15
1409 1876 1411 1904 r

300 1934 402 1997 Ταῦθ’
436 1928 520 1997 οὕτω
552 1936 777 2016 συμβεβηκότα
809 1929 909 1996 πόλόν
940 1933 1053 2016 ἐνῆκαν
1081 1935 1126 2018 τῷ
1145 1936 1312 2021 βασιλικῷ
1409 1919 1411 1928 ’

196 2037 401 2121 στρατοπέδῳ
426 2037 480 2098 κατ’
503 2032 591 2121 ον’τῷ
612 2035 655 2123 τῷ
675 2038 808 2115 βασιλεῖ
824 2033 889 2126 τὸντ
899 2034 1067 2113 ἐναγώνιον
1089 2027 1248 2115 θόρυβον,
1271 2033 1308 2096 τό
1409 2074 1411 2149 η

164 2216 166 2219 7
197 2136 255 2214 μέν
275 2134 313 2218 τῇ
331 2136 393 2196 τῶν
425 2133 546 2198 οἰκείων
578 2128 654 2222 ήττη
685 2131 959 2218 σκυθρωπόσαστν
989 2133 1029 2196 οῦ
1049 2136 1191 2217 μικραῖς,
1212 2132 1249 2198 τό
1272 2135 1309 2197 δέ

197 2233 253 2298 καί
271 2232 326 2316 τήν
347 2241 411 2297 τῶν
433 2233 580 2298 ἐναντίων
600 2232 762 2320 ἐπιφορὰν
786 2235 1039 2318 προσδοκήσασιν
1068 2233 1111 2310 τός
1131 2228 1171 2297 δν
1194 2259 1309 2319 φυση-

129 2408 132 2413 ,
197 2337 318 2400 θέντων
338 2337 374 2397 ἐκ
397 2337 453 2417 τῆς
473 2335 687 2417 παλιντρόπου
710 2334 845 2418 ταυτησί
863 2337 960 2417 νίκης,
981 2333 1035 2398 καί
1054 2335 1241 2414 δυναμένων
1263 2337 1351 2422 epae

198 2433 450 2524 ὑπολελειμμένην
485 2438 600 2518 πλήθει
631 2436 669 2498 δι’
699 2435 860 2519 ἐρήμωσιν
891 2436 950 2497 τοῦ
985 2421 1156 2517 κρατάνιον
1182 2440 1309 2517 μέρους

198 2536 371 2597 ἐπιθέσθαι
394 2534 474 2619 πρός
494 2532 649 2621 πόλεμον.Ι
688 2533 744 2597 καί
772 2527 887 2615 ήνυόκ
917 2531 979 2598 α’πό
1004 2528 1122 2618 τρόπου
1143 2531 1179 2597 τό
1200 2556 1308 2615 προσ-

200 2634 386 2712 δοκώμενον.
438 2638 492 2697 καί
518 2637 640 2715 γέγονεν
669 2627 708 2699 dv
732 2636 840 2716 τοῦτο,
863 2638 895 2699 εἰ
909 2637 955 2718 μή
986 2630 1001 2697 ό
1028 2636 1153 2718 Ταῦρος
1174 2631 1210 2697 τό
1231 2626 1306 2716 όρος

201 2730 357 2816 α’πήντηοε
368 2727 492 2808 τούτοις
513 2732 637 2819 ὑψηλός
658 2728 701 2799 τόν
724 2732 806 2799 κατὰ
833 2735 912 2800 πολό
933 2738 989 2801 κατ’
1002 2732 1127 2820 τροχός
1145 2732 1202 2813 κατ’
1222 2736 1306 2799 δυσ-

249 2884 298 2962 ἪῙ.
318 2908 476 2983 φημίξουοι
496 2911 526 2965 G.
578 2945 581 2950 -
644 2911 669 2963 7.
690 2911 832 2984 ἐπετράπη
853 2894 889 2967 c?

201 3080 293 3133 tudine
318 3090 345 3133 et
369 3084 401 3135 ad
426 3085 552 3151 impetum
579 3085 693 3139 hostiurn
723 3094 750 3137 et
776 3084 854 3138 dolos
877 3086 1068 3139 ostentationis
1095 3102 1175 3139 eausa
1191 3088 1304 3140 militari

201 3154 278 3203 modo
305 3156 452 3219 adstarent,
480 3158 658 3224 trepidatione
686 3157 790 3225 impleti
811 3165 837 3207 et
855 3158 949 3208 animis
978 3160 1113 3222 concussi,
1132 3167 1193 3225 post
1209 3176 1303 3229 regem

202 3226 400 3293 procedebant,
419 3227 603 3295 relinquentes
623 3228 766 3291 leonilla,
786 3244 897 3297 quorum
917 3230 1038 3280 custodia
1063 3230 1095 3280 iis
1116 3230 1216 3281 eredita
1235 3238 1302 3292 erat,

202 3298 287 3347 donee
306 3297 383 3353 brevi
402 3298 434 3347 ad
453 3299 537 3349 dictos
555 3298 667 3351 Autbias
687 3308 835 3351 venerunt:
863 3299 900 3349 ibi
920 3316 978 3351 eum
998 3300 1087 3351 hostes
1107 3308 1269 3368 apparerent
1287 3316 1303 3351 a

153 3410 162 3427 ,
202 3376 289 3433 tergo,
308 3368 377 3417 nihil
395 3359 487 3435 nobile
513 3376 539 3417 et
565 3370 737 3420 memorabile
763 3371 887 3422 meditati
908 3378 1011 3437 turpem
1030 3371 1121 3437 lugam
1151 3380 1178 3422 et
1196 3373 1303 3439 quidem

203 3444 265 3488 ante
284 3445 419 3503 certamen
446 3446 574 3502 ceperunt
594 3448 620 3488 et
646 3442 798 3494 circumfusi
824 3442 934 3493 Taurum
953 3441 1000 3492 alii
1028 3442 1140 3508 pedibus
1159 3443 1206 3493 alii
1227 3444 1302 3509 equis

203 3510 316 3575 dispersi
336 3509 368 3559 ad
386 3506 538 3558 Kelosinem
555 3518 695 3575 venerunt,
717 3528 775 3562 eum
791 3512 882 3564 hostes
902 3513 1021 3564 omnibus
1041 3512 1134 3564 horum
1152 3516 1302 3580 potirentur

203 3579 398 3645 impedimentis
419 3585 445 3626 et
462 3577 599 3629 nonnullis
618 3582 729 3645 paucis,
756 3584 801 3651 qui
821 3584 901 3651 fugae
920 3584 1072 3635 breviorem
1090 3584 1161 3635 viam
1179 3584 1231 3635 sibi
1249 3601 1303 3636 non

204 3655 411 3715 comparassent.

302 3718 375 3768 llaec
403 3718 439 3767 ita
464 3718 534 3771 saeta
561 3722 667 3774 multam
695 3726 847 3777 iniecerunt
872 3729 948 3796 regio
969 3727 1099 3778 exercitui
1128 3736 1154 3776 et
1173 3728 1226 3793 ipsi
1244 3731 1302 3796 regi

203 3789 345 3840 militarem
369 3788 486 3855 turbam,
513 3809 571 3843 euru
597 3804 624 3845 et
642 3810 750 3847 suorum
769 3795 870 3847 cladem
897 3815 978 3866 aegre
1004 3799 1105 3849 ferrent
1122 3814 1176 3849 nou
1196 3816 1310 3867 parum3·

205 3868 231 3910 et
249 3857 364 3910 hostium
385 3861 462 3911 etiam
480 3864 606 3931 impetum
629 3876 830 3932 exspectarent,
850 3871 949 3937 quippe
975 3871 1019 3937 qui
1039 3885 1068 3928 se
1088 3872 1218 3921 iactarent
1238 3886 1302 3936 pro-

204 3938 268 3997 pter¹
283 3946 419 4012 reversam
446 3932 511 3985 lianc
531 3938 669 3989 victoriam
691 3946 722 3989 'et
749 3948 858 4004 possent
875 3941 987 3993 relictae
1012 3939 1174 3992 multitudini
1194 3950 1302 4008 propter

204 4000 369 4053 orbationem
394 4004 508 4070 optimae
532 4011 613 4073 partis
641 4012 742 4062 instare
762 4011 793 4061 ad
814 4010 927 4062 bellum:
954 4028 1041 4080 neque
1066 4014 1146 4062 inane
1176 4020 1234 4063 erat
1253 4026 1300 4061 ex.

205 4079 366 4139 spectatum:
403 4084 429 4125 et
454 4076 550 4128 lactum
577 4090 648 4134 esset
681 4081 748 4145 hoc,
778 4082 829 4133 nisi
856 4082 955 4135 Taurus
983 4098 1058 4137 mons
1084 4083 1234 4136 obstitisset
1251 4081 1300 4144 bis,

205 4143 274 4197 altus
291 4144 448 4215 plerumque
469 4156 495 4199 et
513 4166 590 4223 asper
612 4160 638 4203 et
656 4152 746 4206 invius
766 4160 793 4203 et
810 4153 924 4207 declivis
945 4156 1034 4223 etqui
1053 4154 1137 4222 possit
1157 4155 1302 4206 exercitum
