2834 4750
241 226 293 304 flii
529 223 750 312 simulatas
779 221 1042 313 tuitionis

173 472 175 478 ‚
247 395 302 462 καί
337 392 449 470 δπλαῖς
476 391 600 478 ἀλόγων
634 390 724 473 ζάωτ
761 391 816 463 καί
848 391 963 467 αὐτοῖς
987 399 1062 474 ,ταῖς
1093 393 1194 468 ι’δίσις
1216 387 1364 475 ἀμάξαις

247 497 507 580 συμπατηθέντες
523 493 579 557 καί
596 495 817 578 ἀναιρεθέντες
837 490 925 576 παρά
940 497 1046 561 πᾶσαν
1066 492 1290 579 ἀνθρωπίνην
1315 495 1366 558 ε’λ-

248 598 338 676 πίδα,
356 599 411 662 καί
428 597 492 671 ἐίς
516 593 610 661 οὐδὲν
640 598 840 680 λογισθέντες
867 591 898 657 οἱ
928 594 1054 660 πάντων
1083 589 1261 678 κρατήσειν
1290 598 1367 658 ποτὲ

158 765 169 786 ·
249 692 516 780 προσδοκώμενον.
561 692 616 760 καί
634 687 713 779 ἦνῆ
739 687 832 782 φήμη
854 695 913 758 rot
937 694 1078 779 ἀληθοῦς
1100 691 1145 776 μη
1172 693 1367 781 ἀπάδσυσα.
1408 695 1411 807 l

249 794 265 861 δ
289 798 324 866 δὲ
347 793 501 879 βασιλεύς
527 793 717 879 παραδόξως
738 797 954 865 διασωθεῖσαν
976 791 1034 878 την
1066 792 1118 860 ὐπ’
1141 792 1245 862 αὐτὸν
1271 794 1410 876 Iouini*

247 901 303 965 καί
321 897 501 981 περιχαρὴς
521 891 648 972 εἰκότως
670 895 845 979 γενόμενος,
867 898 923 961 καί
941 894 985 982 τῷ
1006 896 1071 984 θεῷ
1090 899 1146 962 καί
1164 899 1208 983 τῇ
1230 921 1368 978 παναχ-

115 1019 135 1075 ι.
154 1020 236 1078 1841,
246 999 349 1086 ράντῳ
376 995 432 1064 καί
460 997 606 1084 δεσποίνῃ
639 995 780 1085 θεοτόκηι
805 996 1002 1080 χαριστήρια
1030 995 1152 1078 θύοας,
1187 995 1280 1064 εὐθύ
1311 1002 1368 1080 τῆς

244 1097 410 1184 βασιλίδος
432 1093 651 1178 ἀπεπορεύετο.
696 1086 773 1180 εὐρε
796 1097 832 1160 δὲ
849 1091 966 1180 ταύτην
988 1095 1160 1183 ἐκπλήξεως
1186 1096 1248 1168 καί
1270 1093 1365 1166 &ati-

245 1218 342 1280 ματος
362 1199 522 1287 γέμουσαν
544 1198 598 1262 καί
619 1198 749 1280 σῶστρα
773 1199 813 1282 τῇ
835 1199 999 1285 ζωαρχικῇ
1016 1192 1123 1278 τριάδι
1154 1196 1212 1272 καί
1230 1201 1277 1286 τῇ
1300 1224 1366 1282 μη-

245 1296 298 1384 1τρί
317 1298 375 1366 τοῦ
397 1289 609 1384 θεανθράπου
640 1293 734 1378 λόγου
759 1297 912 1379 λαμπρῶς
939 1292 1147 1387 ε’πιθάουσαν.
1193 1292 1226 1360 οἱ
1253 1298 1287 1360 δ’
1312 1299 1396 1362 inito

245 1399 302 1488 τῆς
324 1396 480 1488 Εὐρώπης
509 1395 564 1466 καί
592 1394 685 1465 αὐτοὶ
717 1393 774 1481 την
794 1397 1005 1481 εὐχαριστίαν
1032 1387 1105 1463 ὅσον
1126 1393 1211 1473 εἰκάς
1236 1398 1364 1464 ἀπονέ-

160 1555 174 1573 ,
245 1519 374 1582 μονρες,
406 1489 563 1588 ἀφηγημα
584 1498 733 1582 μέγιστον
763 1499 819 1562 κατ’
845 1500 933 1562 θεῖον
966 1495 1057 1582 ἔργον
1081 1493 1118 1560 τά
1146 1493 1243 1584 ἔργον
1265 1499 1362 1567 τοῦτο

246 1598 403 1665 ε’τιθεοαν.

349 1691 461 1774 Οὐτως
477 1695 531 1762 ε’πί
544 1699 602 1762 τού
624 1698 723 1762 αὐτοδ
737 1701 897 1780 βασιλέως
916 1701 972 1763 καί
993 1701 1111 1783 πληγαί
1129 1700 1166 1787 τη]
1176 1693 1359 1782 Ῥωμαίων

245 1802 497 1884 προσετρίβησαν
521 1799 572 1888 γῇ,
590 1801 646 1862 καί
662 1796 830 1882 ἀπαλλαγὴ
848 1795 943 1864 πάλιν
961 1800 1108 1868 κινδύνου
1118 1796 1280 1883 με’γιλττρυ
1308 1803 1363 1864 καί
1368 1818 1392 1868 15

245 1899 448 1990 καταστροφὴ
467 1903 626 1981 πολεμίων
643 1899 879 1985 ἀπροσδόκητος
894 1903 1063 1984 ἐπιγέγονε,
1083 1903 1138 1964 καί
1152 1893 1232 1985 δσην
1251 1902 1360 1974 οὐδείς
1409 1920 1411 1987 ζ

244 2002 370 2067 οὐδέπω
383 2001 602 2086 κατορθώσειν
623 2003 788 2084 ἐπήλπισε.
812 1998 860 2064 διύ
883 1999 1050 2101 καίχκακίρ
1065 2001 1121 2066 καί
1141 2000 1245 2087 ἀρετῇ
1260 2005 1361 2083 βασι-

244 2103 316 2186 λικῇ
328 2100 384 2176 τὰς
400 2101 599 2184 δυσπραγίας
611 2103 664 2166 καί
681 2094 778 2187 αὐθις
790 2097 847 2177 τάς
862 2101 1038 2185 εὐπραγίας
1052 2097 1082 2167 οἱ
1095 2103 1259 2184 νουνεχῶς
1272 2127 1359 2183 συμ-

110 2194 150 2274 ’,
244 2201 414 2284 βάλλοντες
425 2191 472 2266 ’τά
485 2201 654 2286 πράγματα
672 2204 859 2289 διεμέριζον.
885 2203 915 2278 εἰ
931 2204 967 2267 δὲ
980 2200 1019 2268 τά
1034 2206 1094 2284 μὲν
1109 2199 1251 2286 δύστηνα
1265 2201 1359 2284 πάθη
1409 2208 1410 2265 3

245 2305 310 2366 τῶν
330 2303 543 2387 ἀνθρωπίνων
576 2304 815 2389 ἁμαρτημάτων
842 2303 1010 2387 τυγχάνειν
1044 2304 1235 2381 datianum,
1260 2301 1301 2369 τά
1332 2305 1410 2371 t’tt}

245 2402 387 2483 εὐπαθὲς
406 2409 461 2487 τῆς
480 2408 571 2481 θείας
591 2406 690 2490 μόνης
723 2402 917 2492 ἀντιλήψεως
944 2406 1017 2491 θείη
1038 2428 1087 2480 τις
1111 2410 1167 2469 καί
1185 2402 1230 2488 μη
1254 2410 1359 2487 βασι-

245 2506 334 2589 λικῆς
355 2498 495 2574 ἔπαθλον
517 2505 640 2591 ἀρετῆς,
664 2503 707 2579 ιδς
729 2507 786 2589 τῆς
816 2502 990 2590 εὐπραγίας
1011 2507 1134 2590 γενικῆς
1157 2506 1212 2576 καί
1231 2502 1280 2590 μὴ
1306 2507 1357 2574 εὐ-

189 2620 194 2626 ’
246 2606 335 2688 δικῆς
355 2603 572 2690 καθιστάσης,
594 2605 651 2668 οὐκ
674 2598 716 2670 ἀν
738 2602 985 2693 διαμάρτοιτού
1007 2606 1202 2690 πρέποντος·
1248 2606 1356 2682 πάντα

203 2874 204 2879 ,
245 2832 362 2901 propriis
381 2832 501 2887 curribus
520 2834 616 2887 calcati
635 2843 662 2887 et
683 2835 820 2888 interfecti
843 2841 950 2902 praeter
972 2849 1077 2887 omnem
1094 2835 1230 2887 bominum
1250 2851 1355 2905 exspe-

247 2906 399 2969 ctationem,
421 2912 501 2973 atque
519 2922 568 2974 pro
587 2906 673 2957 nihilo
700 2906 783 2959 babiti
803 2908 850 2976 qni
868 2906 990 2964 omnibus,
1007 2907 1161 2974 superiores
1182 2907 1241 2962 iore
1261 2925 1354 2977 quon.

246 2977 304 3030 dam
323 2976 496 3043 putabantur:
516 2986 596 3045 atque
616 2986 672 3030 erat
691 2978 760 3029 lama
776 2994 830 3032 non
849 2977 964 3030 absona:
983 2985 1129 3030 rexautem
1148 2986 1257 3049 praeter
1276 2996 1354 3047 spem

245 3055 377 3103 servatam
402 3064 475 3101 auam
501 3056 598 3100 terram
627 3051 721 3101 videns
749 3058 776 3101 et
800 3048 961 3101 laetissimus
984 3050 1081 3099 merito
1100 3049 1185 3101 iactus
1205 3057 1233 3100 et
1253 3051 1304 3102 deo
1328 3060 1353 3103 et

246 3120 352 3170 omnino
373 3120 596 3172 incontaminatae
617 3130 643 3172 et
662 3123 784 3173 dominae
803 3121 847 3171 dei
866 3122 970 3187 parenti
989 3128 1064 3187 grata
1082 3121 1273 3176 sacrasaciens
1291 3131 1351 3175 sta-

244 3192 291 3242 tim
310 3191 342 3241 ad
362 3190 503 3257 capitalem
522 3192 613 3246 urbem
633 3192 861 3260 proficiscebatur.
900 3192 1004 3242 invenit
1023 3199 1110 3242 autem
1136 3192 1204 3243 banc
1229 3196 1351 3260 stuporis

245 3270 272 3311 ct
289 3261 471 3313 admirationis
490 3262 596 3330 plenam
616 3272 643 3314 ct
661 3279 737 3317 sacra
755 3271 830 3331 grata
848 3263 960 3313 trinitati
984 3264 1064 3314 vitam
1081 3263 1191 3335 [creanti
1215 3270 1248 3313 'et
1271 3266 1351 3316 matri

243 3334 355 3385 rationis
374 3333 488 3385 hominis
508 3335 592 3387 divini
612 3334 752 3402 splendide
771 3334 980 3387 sacrificantem:
998 3333 1123 3401 Europae
1134 3342 1221 3385 autem
1240 3335 1350 3387 incolae

245 3411 272 3455 et
290 3404 341 3471 ipsi
362 3406 473 3472 gratiam
492 3413 618 3477 quantum
638 3422 685 3473 par
705 3414 762 3458 erat
775 3405 917 3458 reddentes
929 3403 1043 3472 gloriam
1057 3406 1196 3458 maximam
1211 3406 1349 3459 etiactum

244 3476 362 3529 divinum
382 3475 434 3527 boo
456 3475 551 3528 iactum
571 3477 731 3529 statuebant.

355 3564 396 3615 lta
420 3564 468 3619 sub
494 3566 587 3617 eodem
606 3581 672 3635 rege
697 3574 725 3616 et
748 3567 817 3617 ictus
849 3565 1009 3616 Graecorum
1035 3572 1124 3627 terrac
1147 3564 1241 3617 iniecti
1276 3574 1347 3628 sunt,

246 3642 272 3686 et
305 3634 430 3688 liberatio
461 3651 552 3689 rursus
586 3634 702 3704 periculi
737 3637 845 3687 maximi
879 3643 905 3686 et
941 3636 1040 3687 eiectio
1068 3635 1184 3688 hostium
1216 3637 1347 3703 inexspe.

245 3712 315 3755 ctata
344 3708 436 3760 evenit
463 3715 490 3758 ct
512 3717 635 3776 quantam
662 3722 740 3760 nemo
765 3723 881 3829 unpuam
908 3722 938 3759 ae
971 3708 1153 3773 perfecturum
1179 3717 1345 3774 speraverat.

245 3789 328 3841 quare
354 3787 381 3829 et
407 3780 474 3829 vitio
495 3788 521 3830 et
545 3779 637 3831 virtuti
656 3780 749 3849 regiae
776 3780 803 3830 in
818 3778 898 3830 elicia
922 3786 949 3829 et
978 3794 1071 3832 rursus
1097 3779 1185 3832 sauata
1202 3779 1273 3830 lacta
1299 3780 1345 3847 qui

245 3845 390 3910 prudenter
423 3851 619 3916 componebant
643 3867 704 3917 res,
731 3850 943 3918 distinguebant,
969 3850 1064 3917 quodsi
1083 3851 1143 3917 qnia
1161 3851 1249 3903 tristia
1275 3850 1344 3902 mala

245 3915 379 3968 hominum
412 3930 581 3983 peccatorum
619 3938 679 3977 esse
710 3937 823 3991 poenam
860 3921 990 3972 fortunam
1023 3929 1109 3972 autem
1141 3921 1226 3980 divini
1259 3920 1344 3973 solius

207 4016 220 4044 a
245 3986 339 4037 auxilii
367 3990 458 4041 statuit
481 4005 569 4060 neque
593 3995 686 4063 regiae
711 3995 856 4063 praemium
880 3993 1001 4055 virtutis3
1032 4008 1092 4043 cum
1117 3991 1225 4044 fortuna
1255 4007 1342 4059 gene.

245 4056 309 4111 ralia
333 4061 368 4113 ait
391 4075 480 4135 utque
512 4078 576 4119 vero
614 4066 800 4134 singulorum,
824 4080 878 4117 non
903 4063 1079 4116 aberrabitis
1102 4072 1229 4118 arceto:
1254 4063 1341 4113 omnia

246 4128 315 4182 anim
334 4130 446 4188 meliora
466 4148 480 4187 e
500 4134 651 4193 coelotsed
670 4138 749 4192 etiam
763 4136 905 4191 clementia
920 4150 1010 4189 rursus
1029 4133 1236 4204 flectiturprecc
1247 4135 1343 4187 ellectu
