2834 4750
516 268 730 335 nrsronrn.
870 331 878 349 ,
1131 259 1182 334 oo
1224 328 1231 335 .

60 423 297 509 ἀπαραίτητον
321 425 542 508 λογισάμενος,
574 427 677 514 βαρῦς
699 422 893 510 ἐχρημάτισε
922 425 1096 512 φορολόγος
1115 436 1181 502 τοῖς

60 526 278 608 χρεωστοῦσι
301 526 449 610 δημόσια.
493 519 562 592 εἶτα
576 527 631 593 καί
651 528 709 604 τάς
728 530 789 592 τοῦν
810 528 972 613 όφφικίων
994 511 1098 602 δόσεις
1120 527 1182 592 αῦ-

59 622 131 697 τός
155 627 320 708 περιέτεμε
342 626 476 709 πρῶτος,
494 628 549 690 καί
564 628 767 711 πανταχόθεν
799 620 849 692 οίά
873 620 1098 711 τιςάπληστος
1117 632 1183 710 θη-

61 721 193 807 ρευτής
215 724 400 789 εἰσεποιεῖτο
423 725 463 789 τά
477 723 638 811 χρήματα.
661 729 794 812 ε’μέλησε
814 728 843 788 δ’
868 726 954 812 αῦτη]
975 725 1054 808 μετά
1078 730 1182 792 ταῦτα

24 826 134 888 5κοιί
158 824 331 908 φειδωλίας
352 827 486 888 καὶτοῦ
511 825 693 912 προσθήκην
727 828 835 912 άγροῦν
857 831 897 915 τῇ
912 823 1065 916 βασιλείηι
1089 851 1181 910 περι.

63 920 289 1006 ποιήσασθαι.
342 921 390 986 διό
419 930 474 989 καί
503 924 603 990 πολλά
626 931 684 1008 μὲν
706 926 849 991 ἰδιωτικὰ
880 925 1036 1011 πρόσωπα
1061 930 1183 993 πολλῶν

61 1022 273 1106 ἀπεστέρησε
287 1024 438 1110 κτήσεων,
455 1025 599 1110 παριδοόν
620 1025 677 1103 τάς
689 1025 949 1112 χρυσοβοάλλους
965 1025 1085 1093 τούτων
1104 1052 1182 1113 γρα-

64 1119 156 1208 φάς,
177 1124 218 1186 δι’
243 1115 287 1188 ὧν
308 1123 417 1202 σῦτοῖς
451 1124 489 1198 τά
511 1129 568 1209 τῆς
590 1125 771 1204 δεσποτείας
792 1129 987 1212 ήδραίωντο·
1029 1133 1183 1213 ἐνέσκηψε

65 1225 113 1288 δὲ
136 1224 194 1287 καί
211 1247 275 1288 τισι
309 1228 370 1291 τεόν
395 1232 666 1312 φροντιστηρίων,
695 1227 836 1311 μεγάλας
855 1213 911 1294 καὶ
931 1234 1086 1304 πλουσιάς
1106 1225 1183 1311 κτή-

10 1329 54 1381 10
64 1347 145 1398 σεις
166 1325 301 1406 ἐχόντων
322 1327 375 1390 καί
394 1331 541 1404 τῶνταῖς
564 1332 742 1409 βασιλικοῖς
766 1333 944 1413 θησαυροῖς
966 1330 1181 1409 ἀνακειμένων

65 1422 279 1501 ἀποδεούσας
299 1427 372 1520 ,οὔδ’
399 1421 497 1503 όλως·
548 1431 602 1493 καί
624 1427 742 1504 πολλάς
764 1428 871 1494 αότοῦν
899 1423 1107 1515 ἀφελόμενος,
1129 1431 1184 1494 καί

70 1522 137 1588 διά
162 1528 339 1609 λογοποιίας
359 1524 393 1592 τό
418 1520 537 1612 ἀρκοῦν
559 1528 777 1612 ἐγκαταλιπών
792 1537 905 1609 μοναῖς
929 1527 984 1593 καὶ
996 1525 1181 1610 μονάζοασι,
1221 1592 1224 1599 ,

64 1633 144 1700 τοῖς
161 1629 337 1707 βασιλικοῖς
354 1625 389 1690 τό
407 1627 558 1712 περισσόν
578 1626 815 1714 προσαφεάρισε,
833 1629 963 1712 πρᾶγμα
981 1629 1182 1711 παρανομίας

67 1729 139 1805 μὲν
160 1722 254 1804 δόξαν
277 1721 297 1810 ή
318 1725 466 1809 ἀσεβείας
488 1729 630 1813 εἰσάγον,
661 1733 717 1793 καί
738 1730 817 1814 πρὸς
838 1726 1018 1815 ἱεροσυλίαν
1039 1737 1105 1804 τοῖς
1124 1723 1181 1792 εῦ-

15 1829 54 1881 15
67 1826 284 1909 λαβεστέροις
306 1829 340 1891 ἐκ
360 1832 419 1891 τοῦ
446 1832 620 1914 προχείρου
645 1829 899 1916 ἀναφερόμενον,
923 1823 1123 1909 ἀποτέλεσμα
1145 1829 1182 1894 δέ

66 1927 180 2010 μηδὲν
200 1917 317 1992 άτοπον
339 1928 503 2014 άποφέρον
517 1927 595 2013 πρός
607 1953 642 2012 γε
663 1929 736 2019 τοῦς
757 1933 921 2015 ἐμβριθοῦς
945 1928 985 1993 τά
1016 1931 1195 2011 πράγμετα·

68 2030 311 2109 διακρίνοντας.
368 2022 563 2113 ἑκατέρωθεν
584 2027 645 2113 γάρ
675 2028 824 2114 ὀνήσιμον
845 2024 923 2096 εἶναι
954 2028 1210 2113 διεγινάσκετο,ῖ.
1231 2035 1282 2090 179
1297 2052 1324 2094 τ.

68 2126 154 2202 τοῦς
173 2151 207 2191 τε
228 2125 391 2214 μοναχοῦς
412 2127 589 2215 φροντίδων
608 2131 808 2196 ἀπαλλάττον
826 2129 1041 2217 ἀπροσφόρων
1061 2132 1099 2217 τῇ
1110 2131 1179 2194 κατ’

71 2227 200 2302 αότοῦς
215 2226 366 2315 πολιτείᾳ,
387 2227 440 2292 καί
449 2233 678 2315 χρηματισμοῦ
690 2227 765 2306 τοῦς
778 2229 998 2317 ἀκτημοσόνην
1009 2231 1182 2304 πεπαιδευ.

22 2331 196 2409 λθμέυυος
211 2328 403 2407 ἀπανιστάν,
427 2333 481 2395 καί
492 2331 584 2396 οόόέν
605 2335 668 2398 suiv
685 2329 763 2416 πρός
786 2331 844 2413 τήν
865 2336 977 2415 χρείαν
997 2332 1184 2415 ἐπιτηδείων
1217 2402 1220 2405 ,

74 2430 291 2513 ἀποστεροῦν,
311 2429 366 2496 καί
385 2429 458 2506 τοῦς
478 2432 696 2515 ἀγρογείτονας
716 2434 906 2518 ἐλευθεροῦν
919 2435 974 2515 τῆς
988 2432 1109 2496 τοότων
1120 2436 1183 2513 βο.

74 2530 224 2616 ρότητος,
236 2528 284 2597 ότι
297 2536 342 2621 τῷ
352 2539 519 2599 πολυτελεῖ
526 2537 582 2599 καί
597 2536 821 2622 πολυταλάντῳ
832 2536 894 2618 νῦν
906 2534 1043 2617 κτήσεων
1054 2529 1089 2598 τά
1103 2536 1184 2618 σφέ.

73 2658 157 2718 τερα
177 2643 359 2701 καταλιπεῖν
392 2636 510 2710 αάτοῦς
534 2635 563 2699 οἱ
586 2637 724 2719 μοναχοί
743 2632 987 2721 κατηνάγκαζον,
1008 2637 1184 2717 ἀπληστίαν

76 2728 145 2819 ἤδη
167 2731 355 2820 νοσήσαντες
375 2735 432 2801 καί
452 2738 497 2812 εἰς
519 2714 582 2813 ἕξιν
603 2737 660 2801 τοῦ
682 2732 806 2812 πάθους
824 2732 992 2822 γινόμενοι,
1013 2738 1068 2800 καί
1090 2756 1181 2819 περι.

154 2922 179 2976 7.
201 2923 369 2981 κτίσεωκῦ.
475 2924 518 2977 21.
538 2924 684 2997 ἀποστερή
694 2923 724 2978 G.

80 3103 193 3163 exustor
220 3096 384 3148 debitoribus
405 3097 537 3163 publicis,
564 3097 660 3149 deinde
687 3096 766 3147 etiem
786 3095 935 3149 oiiioiornm
953 3095 1029 3147 dotes
1048 3094 1107 3160 ipse
1125 3095 1181 3145 cir..

68 3168 230 3220 ‘curnsecuit
248 3170 357 3233 primns,
378 3176 404 3219 et
422 3170 538 3236 undique
558 3169 633 3236 quusi
652 3167 813 3218 insatiabilis
837 3176 949 3218 venator
967 3165 1075 3217 adduxit
1093 3164 1182 3216 fucul-

78 3246 160 3302 tntes,
188 3254 268 3290 curse
287 3247 373 3290 eutem
399 3240 424 3290 ei
444 3241 493 3291 fuit
509 3248 570 3307 post
587 3238 653 3290 haee
674 3239 752 3289 etiem
771 3238 932 3304 parsimonia
951 3246 978 3289 et
994 3246 1024 3288 ut
1044 3238 1182 3288 accessio-

78 3324 141 3361 nern
162 3325 285 3378 agrorum
305 3326 389 3377 regno
409 3310 528 3363 faceret:
548 3319 690 3378 propterea
711 3310 789 3361 etiem
807 3310 904 3361 multos
923 3310 1041 3375 privatos
1061 3308 1181 3359 homines

78 3380 169 3432 multis
188 3382 307 3448 privavit
325 3382 548 3448 possessionibus,
559 3381 702 3450 negligens
722 3380 912 3433 eureusbulles
932 3389 958 3431 et
974 3379 1065 3431 herum
1084 3380 1183 3445 scriptu

79 3450 177 3517 quibus
202 3454 235 3504 iis
257 3454 399 3504 dominium
428 3454 583 3505 firmaretur.
622 3453 717 3504 inuidit
733 3460 821 3504 nutem
841 3453 920 3503 etium
937 3452 965 3502 in
985 3451 1111 3518 quaedum
1130 3450 1181 3498 tri.

78 3520 216 3575 bunnliurn
233 3524 414 3587 iuridicorurn,
434 3540 543 3594 magnus
563 3533 590 3575 et
607 3526 704 3577 divites
726 3524 911 3591 possessiones
931 3522 1084 3572 habentium
1103 3527 1130 3571 et
1147 3521 1181 3571 iis

79 3608 149 3661 quae
174 3595 200 3645 in
226 3596 308 3663 regiis
334 3595 467 3647 thesauris
492 3596 628 3661 depositae
655 3603 755 3660 essent,
774 3594 850 3646 nullo
869 3594 947 3644 modo
966 3591 1128 3654 inferiores,
1154 3598 1181 3641 et

78 3663 174 3715 multas
194 3681 282 3717 eerurn
303 3667 421 3732 eripiens
441 3674 467 3716 et
486 3667 595 3718 fictione
608 3667 685 3735 .quod
703 3668 768 3719 setis
787 3674 858 3719 esset
867 3663 1023 3731 relinquens
1042 3669 1180 3714 moneste-

78 3736 125 3786 riis
146 3743 173 3787 et
192 3737 338 3801 monachis,
358 3738 441 3806 regiis
461 3736 592 3789 thesauris
612 3736 774 3805 superfluum
793 3736 922 3798 definivit,
943 3749 1010 3801 quoe
1029 3749 1073 3786 res
1092 3733 1179 3785 inius.

79 3806 156 3857 titiae
174 3810 292 3874 speciem
310 3817 356 3859 out
373 3808 517 3873 impietatis
543 3808 669 3872 afferret,
696 3816 723 3859 et
741 3808 774 3860 ud
791 3807 963 3875 sacrilegium
981 3821 996 3857 e
1016 3803 1180 3857 cautioribus

79 3876 106 3926 in
130 3888 253 3946 promptu
281 3880 446 3944 referretur,
472 3879 520 3929 sed
546 3888 670 3931 eventurn
689 3894 743 3931 non
761 3880 880 3948 ineptum
901 3878 1025 3928 redderet
1043 3877 1113 3942 opud
1132 3890 1179 3926 eos

80 3950 124 4014 qui
143 3951 287 4016 prudenter
306 3967 349 4005 res
363 3951 556 4002 diiudicarent:
575 3949 607 3999 ab
625 3958 737 4018 utreque
756 3950 826 4000 enirn
844 3957 919 4015 perte
937 3948 1011 4000 utilis
1031 3962 1092 4001 esse
1110 3960 1179 4014 cog.

79 4021 256 4085 noscebatur,
282 4039 340 4074 cum
360 4030 386 4073 et
405 4019 549 4075 monachos
577 4021 646 4071 curis
672 4019 801 4071 liberaret
826 4027 853 4070 et
871 4028 1016 4087 uqnnestu
1038 4034 1103 4082 eos,
1133 4017 1179 4086 qui

80 4090 110 4141 ud
128 4094 245 4159 inopiam
264 4094 376 4146 instituti
397 4102 480 4158 erent,
500 4091 669 4156 ἀνδρόπαις
687 4099 714 4143 et
732 4089 800 4141 nihil
820 4104 925 4154 eorum,
952 4106 1020 4158 quse
1042 4092 1075 4141 ed
1103 4104 1179 4141 nsurn

79 4166 231 4223 necessario
248 4174 325 4233 sunt,
345 4166 478 4235 eriperet,
505 4170 532 4217 et
549 4177 672 4234 agrorum
693 4163 797 4217 ricinos
817 4160 945 4214 liberaret
962 4162 1056 4215 horum
1074 4162 1179 4229 impor-
