2834 4750
301 285 407 357 ’ζν
507 262 714 334 merome.
1075 264 1149 339 293
1226 287 1231 296 “

6 432 234 512 ιομίσοιντες
259 432 381 497 πλοδν·
422 432 479 493 καί
509 427 543 492 τὸ
566 425 730 508 βασιλειον
752 428 937 517 διάδημα’
921 460 955 503 ιν
977 442 1068 519 θείας
1088 446 1161 528 χά..’

6 558 107 621 octos,-
134 532 378 658 δποβραβοόθη
389 554 457 613 μοι,
482 533 536 594 καί
556 528 576 612 ἦ
599 533 655 591 τοὺ
684 532 763 594 θοοῦ
783 537 884 613 νρισις
906 529 1018 621 ἤδη
988 567 1040 607 τον
1062 542 1153 629 ἔλεγ-

6 660 73 720 χον
99 637 171 701 καί
196 631 237 699 τό
261 635 459 713 ἀποτέλεσμα
481 633 536 715 τῆς
557 628 751 715 ἀποφάσεως
780 634 906 701 δέδωκε.
950 640 990 703 σδ
1016 644 1051 707 δὲ
1073 673 1151 731 πρυ.

6 734 123 821 σεχῆς
150 736 201 823 τῇ
224 735 440 820 βασιλευούσῃ
460 727 637 815 τυγχάνων,
661 756 713 794 ναι
709 728 783 795 διοὶ
807 737 864 797 τοῦ
886 736 970 803 ἰδίου
993 724 1152 810 αάταδέλ-

6 862 84 926 φου
112 835 287 923 δυνᾴμοις
315 827 545 917 στρατιωτικός
578 830 748 916 ἐπιστήσας
781 834 863 923 αὐτῇ
891 862 945 901 ναι
966 844 1066 907 πολλὰ
1087 848 1153 909 θο-

6 935 219 1022 ροιυλὴσας,
239 938 280 999 ου’
300 931 394 1017 μόνον
411 930 538 1011 ἀνάξιος
559 936 688 1018 ε’κρίθης
704 936 760 997 τοῦ
780 936 973 1023 πράγματος,
995 940 1076 1006 ἀλλά
1097 952 1154 1013 καί

6 1033 170 1123 ὕβρεσιν
195 1036 379 1122 ἧτιμάσθης
399 1041 532 1109 πολλαῖς
555 1036 612 1098 καί
631 1038 811 1117 παροινίαις
824 1034 970 1122 ἐβλήθης.
994 1041 1049 1106 καί
1070 1045 1149 1111 κατά

6 1142 134 1206 τοῦτο’
154 1140 225 1201 ουἰι
246 1134 311 1203 ἔδοι
334 1158 370 1201 σε
396 1133 476 1217 μειά
498 1132 555 1218 τὴν
588 1132 667 1218 ἐμὴν
697 1132 907 1219 ἀναγόρευσιν
938 1138 977 1204 soi
1011 1146 1151 1227 κρίματα

6 1243 74 1307 τοῦ
100 1241 208 1307 θεοῦ,
223 1240 473 1325 ναταιδεσθῆναι
495 1239 550 1301 καί
566 1239 752 1317 συμβαλεῖν,
775 1241 831 1300 ναί
852 1238 1088 1324 διανοήσασθαι
1109 1244 1149 1311 τὰ

8 1334 275 1427 συμβεβηκότα,
298 1333 348 1403 ὅτι
370 1337 450 1421 ὑπὲρ
474 1337 678 1421 ἀνθρωπίνην
697 1336 778 1409 εἰσίν
796 1337 912 1420 ἰοχόνς
932 1340 1002 1405 ἀλλ’
1024 1339 1151 1429 iidem-

7 1468 78 1519 σας
106 1445 176 1507 καί
199 1437 282 1505 κατὰ
296 1440 358 1505 τάν
371 1439 567 1521 δεδογμένων
582 1436 668 1525 αάτῷ
687 1440 729 1523 τῷ
751 1442 816 1525 θεῷ
831 1438 886 1502 καί
904 1446 972 1505 κατ’
992 1446 1073 1523 ἐμοῦ
1095 1444 1153 1509 τοῦ

12 1544 262 1628 παρ’,ἕνιείνου
284 1540 541 1622 προβεβλημένου
570 1534 625 1599 καί
644 1536 747 1620 πόσης
776 1537 856 1617 ὁμοῦ
879 1543 935 1623 τῆς
955 1544 1151 1619 βασιλευοό.

13 1668 93 1729 cqc,
115 1645 182 1732 καί
205 1635 288 1705 ὅπλα
307 1637 485 1724 ἐτόλμησας
501 1630 590 1723 ἀραι,
613 1635 670 1701 καί
689 1632 901 1724 ἀνθρωπίνων
922 1646 1049 1725 σαρκῶν
1071 1643 1149 1709 ἀπο-

15 1746 227 1829 γεύσασθαι
250 1743 425 1825 decessum,
446 1737 502 1802 καί
519 1736 684 1821 θιόμαχος
714 1742 747 1801 ἐν
767 1737 905 1827 τοσούτῳ
926 1747 1075 1825 γενέσθαι
1096 1752 1152 1813 καί

16 1847 91 1930 τῆς,
117 1842 218 1928 ἱεροῖς
248 1838 424 1924 συγκλήτου
456 1844 512 1904 καί
533 1840 592 1924 ’τῆς
613 1837 752 1903 συνόδου
779 1845 926 1923 πολέμιος
948 1845 1003 1907 καί
1025 1841 1150 1912 πάντων

19 1945 93 2009 τῶν
118 1938 416 2025 πειθαρχησάντων
437 1950 504 2016 τοῖς
526 1944 626 2012 θείοις
650 1938 758 2019 νόμοις
778 1939 834 2003 καί
852 1946 1011 2023 κρίμασιν.
1044 1940 1071 2008 ιδ
1097 1949 1150 2029 τῆς

18 2044 149 2117 ἀνοίας
176 2044 236 2126 τῆς
265 2045 343 2125 σῆς,
367 2035 416 2109 ὅτι
447 2042 528 2125 μηδὲ
553 2037 587 2104 τό
613 2039 785 2122 πρόχειρον
817 2044 911 2105 τοῦτο
939 2046 1075 2127 συνῆκας
1097 2048 1150 2109 καὶ

21 2143 255 2227 κατενόησας,
290 2141 333 2219 ὥς
369 2139 404 2206 τό
427 2141 582 2230 ᾀδόμενον
611 2148 769 2223 στοιχεῖον
790 2138 825 2204 τό
857 2146 893 2205 Ν
913 2142 1032 2207 ἁπλοῦν
1052 2141 1149 2223 μόνον
1210 2170 1214 2175 ·

22 2249 81 2310 και
105 2268 148 2307 ου
138 2244 306 2309 ’διπλοῦν
337 2252 401 2319 τοῖς
435 2243 538 2306 ταῦτα
565 2243 818 2306 κατασκοποῦσιν
845 2242 1038 2325 εδρίσκετο.’
1089 2247 1145 2308 καί

6 2343 140 2436 γπολλοὶ
180 2340 275 2438 ἕτερα
296 2344 521 2429 δημηγορήσας
538 2341 668 2427 εδφυάς
694 2336 710 2404 δ
732 2341 869 2428 κρατῶν,
895 2346 952 2408 καί
971 2347 1148 2428 καταγνοὺς

26 2443 156 2512 τούτου
179 2443 313 2530 μακρόν
335 2442 390 2528 τὴν
411 2441 588 2529 εδὴθειαν,
609 2444 766 2508 ἀπέλυσεν
789 2442 886 2509 ου’τδν
907 2447 951 2520 εἷς
971 2443 1027 2509 τόν
1049 2472 1149 2510 κατα-

30 2551 198 2629 γέλαστον
218 2545 379 2628 θρίαμβον
399 2541 479 2627 μετὰ
501 2546 565 2608 ταῖν
587 2541 722 2628 πριόνων
744 2550 798 2631 τῆς
821 2548 1003 2630 συμμορίας
1026 2545 1147 2612 αὐτῶν.

130 2641 266 2730 Ἕτερον
297 2648 333 2712 δὲ
356 2648 470 2713 ου’δένα
496 2651 559 2711 τῶν
582 2638 687 2711 ἀλλων
717 2648 761 2711 δι’.
781 2649 913 2727 αἳματος
935 2644 1083 2730 ἠνέσχετο
1104 2673 1149 2712 τι-

32 2752 196 2835 μωρῆσαι
227 2746 243 2811 δ
265 2747 550 2834 βασιλεόςγάλλά
573 2750 630 2813 καί
647 2747 917 2831 μᾶλλονίσόθοον
937 2752 1068 2838 πρᾶγμα
1091 2774 1150 2815 πε-

36 3029 173 3085 dicium
164 3045 216 3082 sum
236 3031 422 3082 documentum
442 3036 470 3081 et
488 3036 613 3082 euentum
632 3029 783 3082 sententiae
802 3029 888 3092 dedit,
908 3036 937 3080 tu
956 3030 1149 3083 conminten-

38 3113 86 3157 tus
102 3103 202 3173 regine
223 3109 250 3154 et
267 3117 316 3170 per
336 3101 469 3154 fratrem
462 3116 549 3168 ipsum
566 3115 658 3152 monus
676 3099 833 3152 militares
825 3113 965 3168 imponens
986 3103 1011 3151 ei
1033 3108 1060 3151 et
1077 3100 1150 3152 mul.

39 3185 98 3227 tum
120 3175 174 3227 sub
194 3173 237 3226 dio
258 3181 398 3236 versutus,
424 3187 478 3225 non
504 3171 591 3223 solum
608 3172 740 3255 indignus
756 3171 887 3222 iudicatus
908 3187 936 3224 es
955 3189 985 3224 re
1004 3172 1052 3223 sed
1071 3173 1150 3224 etium

39 3247 175 3314 superbie
201 3245 345 3314 neglectus
371 3259 400 3296 es
425 3243 523 3306 molto,
552 3253 579 3295 et
606 3243 709 3294 insanie
733 3243 804 3295 ictus
829 3258 875 3293 es.
901 3251 982 3310 etque
1007 3250 1150 3328 propterea

40 3333 137 3370 nonne
158 3318 276 3383 oportuit
290 3325 318 3367 te
337 3324 398 3383 post
415 3330 501 3367 mcum
518 3315 744 3365 renuntiationem
757 3315 855 3365 iudicis
873 3314 916 3365 dei
934 3316 1024 3366 vereri
1035 3321 1062 3364 et
1081 3328 1150 3382 cog.

40 3404 163 3442 noscere
183 3394 209 3438 st
228 3389 348 3456 cogitare
367 3387 436 3438 lucto
454 3402 533 3453 supra
553 3385 687 3436 hominum
708 3401 768 3438 esse
786 3387 951 3452 potentiam:
971 3388 1018 3439 sed
1045 3386 1149 3438 insani.
1233 3393 1242 3408 ·

40 3462 107 3513 sisti
130 3468 159 3511 et
177 3467 270 3510 contro
289 3475 336 3523 ee,
361 3473 430 3527 quoe
454 3466 551 3510 statuto
579 3465 661 3509 esunt·
679 3457 713 3508 ub
733 3459 793 3524 ipso
818 3457 878 3522 deo,
899 3467 927 3509 et
945 3467 1037 3509 contra
1055 3473 1098 3508 me
1116 3457 1149 3509 nb

43 3532 93 3584 illo
115 3535 234 3582 creatum
255 3537 281 3580 ct
304 3537 395 3581 contre
423 3538 504 3581 totum
532 3529 610 3581 simul
629 3529 748 3597 regium,
770 3537 796 3580 et
814 3544 885 3580 orma
904 3545 985 3582 ausus
1005 3545 1033 3582 es
1053 3543 1150 3595 cupere

45 3612 72 3655 et
89 3601 228 3654 homiuum
254 3601 376 3653 carnibus
404 3600 456 3652 lrul
483 3601 594 3653 soluisti
622 3608 649 3652 et
676 3601 726 3651 dso
755 3601 923 3653 adversarius
951 3601 1017 3652 adeo
1045 3600 1151 3652 floriet

45 3675 133 3726 suncti
148 3681 296 3724 conventus
316 3681 343 3723 et
359 3671 469 3724 concilii
486 3673 572 3725 hostis
591 3674 758 3738 octennium,
778 3674 839 3744 qui
845 3679 971 3738 ponerent
989 3672 1086 3724 divinis
1105 3671 1150 3723 le-

46 3747 126 3816 gibus
146 3753 173 3798 et
190 3743 313 3796 iudiciis:
342 3743 397 3794 heu
416 3745 617 3810 imprudentium
638 3753 729 3808 tuum,
751 3743 821 3812 quod
840 3758 874 3794 ue
893 3751 1023 3810 promtum
1045 3743 1151 3811 quidem

46 3818 99 3870 hoc
117 3815 279 3868 intellexisti
298 3821 324 3865 et
342 3814 567 3879 animadvertisti,
587 3817 753 3868 decantatum
770 3815 875 3867 literam
890 3814 914 3868 N
932 3813 1080 3880 simplicem
1102 3830 1150 3868 so·

47 3891 113 3952 lum,
131 3903 220 3956 neque
239 3884 372 3954 duplicem
383 3884 447 3936 tulis
461 3887 674 3938 meditantibus
667 3887 793 3938 inveniri.
813 3894 892 3954 atque
911 3893 1049 3953 postquam
1068 3886 1151 3938 multu

48 3960 102 4012 ulin
115 3959 222 4011 locutus
242 3964 283 4008 est
300 3957 442 4025 ingeniose
456 3958 601 4025 imperator
618 3965 645 4008 et
661 3957 834 4025 reprehendit
853 3957 930 4028 huius
942 3972 1063 4025 magnum
1083 3960 1150 4011 sim-

48 4031 206 4098 plicitetem,
225 4028 323 4082 dimisit
343 4043 403 4080 eum
422 4027 454 4080 ud
472 4027 614 4081 ridiculum
632 4027 793 4096 triumphum
813 4024 871 4079 cum
891 4027 1056 4113 principibus
1076 4029 1149 4084 clus-

49 4102 171 4156 sisoius.

141 4189 230 4246 Alium
248 4187 450 4246 eutemuullum
468 4191 538 4244 iuter
553 4197 659 4246 ceteros
669 4191 800 4260 sunguine
818 4188 965 4246 sustinebat
983 4189 1077 4248 ulcisci
1095 4205 1154 4258 rex,
