2834 4750
240 278 314 348 m
491 263 497 271 ·
534 259 754 368 uscutuus
786 272 1047 345 επκιιοτεε

239 444 340 509 κειῦνα
363 412 404 525 spi
422 437 591 519 Ῥωμαιαν
611 438 699 522 α’ρχῇ
719 439 924 517 ουνεκέρασε.
950 438 1108 501 δέδεικται
1128 436 1193 521 γὰρ
1218 440 1255 503 τίι
1279 435 1354 503 τοῦ.

239 566 301 609 ταν
327 536 378 605 ότι
398 544 460 604 ταῖν
482 540 642 620 προτέρων
665 540 722 603 τοῦ
742 536 965 618 γεύουςαότοῦ
990 537 1156 621 δυστήνων
1180 542 1355 623 κατορθω-

238 644 350 724 μιίτοον
371 639 495 723 καὶτῆς
519 641 667 721 κωμικῆς
689 638 891 713 καταλῦσεοος
910 636 1014 705 τοῦτο
1047 645 1179 739 κορωνὶς
1211 643 1353 723 κατέστη

237 741 294 809 καί
313 744 400 818 τέλος
420 740 571 807 τιίταίσιον
593 738 650 804 καί
668 743 835 808 τελευταία
858 737 958 823 πληγη
984 742 1039 803 καί
1071 744 1128 825 τῆς
1159 736 1261 817 &cicc
1278 739 1355 826 ε’ρὴ-

235 868 347 925 μονοις.
690 912 698 927 x
1361 856 1375 907 5

193 967 197 978 ·
296 942 386 1012 ’All'
409 942 425 1007 ό
446 937 623 1026 μὲν-οῦντες
638 945 694 1005 καί
705 938 888 1024 πεποιηκοός
903 939 958 1007 καί
968 941 1084 1008 παθών
1099 934 1223 1020 ῦνειδος
1248 941 1353 1033 ἑαυτῷ

235 1044 476 1127 estipendiis
500 1038 608 1126 δεινην
627 1041 844 1125 περιήνεγκεν·
869 1036 942 1127 ῦρτι
959 1045 993 1108 δὲ
1006 1047 1065 1108 τοῦ
1085 1042 1268 1126 όκτονβρίυυ
1288 1073 1353 1128 μη-

236 1146 292 1222 νός
306 1149 363 1228 τῆς
375 1148 481 1228 τρίτης
499 1146 696 1217 ι’νδικτιοῦνος
713 1145 932 1224 ἐνισταμένου,
947 1145 1100 1226 κεραυνός
1113 1142 1301 1227 ἐπισκήψας
1318 1151 1351 1211 έν

234 1248 277 1334 τῷ
293 1245 418 1333 μεγάλῳ
432 1249 511 1309 κίονι
527 1232 584 1309 τοῦ
597 1244 1025 1329 Καννστοιντινιακοῦ,φόροο,Ι
1049 1238 1090 1308 οῦ
1102 1243 1184 1309 κατὰ
1199 1247 1349 1333 κεφαλήν

237 1348 409 1433 α’φίδρυμα
429 1350 576 1429 μέγιστον
598 1346 722 1427 χαλκοῦ
744 1350 965 1428 πεποιημένον,
992 1345 1119 1427 οἷνὴλιος
1141 1348 1178 1409 δὲ
1213 1351 1349 1430 λεγόμε.
1360 1369 1387 1421 10

237 1471 303 1529 νον,
324 1448 464 1528 ἵδρυται,
485 1450 583 1528 μέρος
601 1450 661 1525 μέν
682 1468 714 1509 τι
736 1446 793 1508 τοῦ
817 1449 917 1521 κίονος
937 1450 970 1511 έν
991 1449 1030 1534 τῇ
1044 1443 1198 1531 σἰκρότητι
1220 1451 1280 1531 τῆς
1295 1473 1349 1513 κε-

239 1550 375 1634 φαλίδος
396 1548 537 1627 διέτεμε,
573 1547 739 1627 ζωστῆρας
763 1546 798 1607 δὲ
833 1542 948 1609 τοῦτου
979 1556 1077 1633 τρεῖς,
1103 1550 1262 1631 σιδηροῦς
1290 1553 1350 1629 μὲν

235 1646 275 1713 τῦ
298 1644 412 1726 ἔνδον,
436 1647 543 1735 χαλκῷ
565 1648 601 1709 δὲ
625 1650 907 1729 περιειλημμένους
930 1646 1069 1729 ἔξωθεν,
1089 1650 1269 1732 κατέρρηξε
1296 1656 1351 1715 καί

236 1749 394 1826 διέκοψεν,
414 1745 596 1829 ἀνθρώπων
620 1747 655 1809 δὲ
678 1747 794 1810 οὐδένα
818 1747 893 1810 οῦδὲ
914 1751 976 1812 ταῖν
1004 1748 1126 1831 didymo
1148 1747 1241 1827 ζεόων
1266 1755 1349 1817 ἐλεο-

235 1846 358 1929 βήσατό
380 1874 419 1913 τι.
463 1848 540 1911 οῦδὲ
559 1874 592 1911 τι
622 1846 710 1929 ἴχνος
745 1846 864 1936 καπνόν
890 1849 1139 1931 τεκμαιρόμενον
1172 1850 1226 1915 τόν
1256 1859 1349 1917 κίονα
1360 1879 1385 1930 15

235 1942 388 2031 ῦβρισευ,
419 1951 487 2013 dtt'
510 1944 529 2032 ἦ
553 1952 610 2013 τοῦ
631 1951 788 2031 κεραυνοῦ
810 1948 991 2034 σφοδρότης
1014 1943 1118 2033 (ῦσπερ
1152 1976 1200 2025 τις
1233 1952 1348 2033 οἷνεμι.

237 2050 293 2114 αία
305 2046 364 2132 τήν
377 2047 475 2134 φῦσιν
498 2050 714 2133 τυγχάνουσα,
726 2051 784 2132 τὴν
803 2050 832 2111 δ’
845 2047 941 2130 ἶσχόν
956 2050 1227 2131 δυσπαρόδτκτος,
1244 2048 1349 2127 οῦτοις

238 2149 435 2231 οἷνυβριστως
457 2153 492 2213 τὸ
513 2147 802 2234 τηλικοῦτονέργον
818 2150 873 2214 καί
889 2151 946 2231 τὴν
966 2154 1025 2249 τοῦ
1045 2148 1180 2235 σιδήρου
1197 2156 1254 2218 καί
1262 2162 1349 2236 χαλ-

237 2250 294 2312 κοῦ
314 2248 509 2333 στερρότητα
539 2250 583 2325 οδς
615 2249 650 2314 τό
680 2250 818 2332 λάχανον
849 2248 1020 2335 ἐξεδέρισε.
1066 2254 1121 2316 καί
1148 2252 1205 2329 τός
1240 2258 1347 2330 αἰτίας

234 2353 297 2415 τοῦν
318 2352 481 2433 κεραυνῶν
507 2343 596 2415 ἄλλοι
617 2353 677 2430 μὲν
700 2343 795 2424 ἄλλοις
815 2352 961 2433 ἐδίδουν,
991 2354 1092 2437 ἕτεροι
1116 2356 1151 2420 δὲ
1174 2358 1384 2436 &conclamo

235 2448 266 2515 οἱ
288 2451 424 2534 μὲνγὰρ
444 2456 668 2535 μαθηματικοί
687 2453 843 2535 ποτάμιον,
863 2447 944 2518 εἶναι
967 2456 1062 2519 τοῦτο
1086 2458 1149 2539 πῦρ
1168 2458 1204 2519 ἐκ
1224 2482 1347 2542 φυσιο·

234 2556 342 2635 λογίας
370 2555 577 2637 ἐφθέγγοντο,
610 2556 646 2639 τῇ
669 2558 732 2618 ταῖν
754 2557 860 2639 νεφῶν
880 2555 1071 2639 συγκροόσει
1093 2559 1148 2620 καί
1177 2560 1346 2642 διαρρηξει

234 2652 448 2734 γεννώμενον·
491 2658 681 2737 λεπτομερὲς
703 2657 734 2720 δ’
753 2653 785 2730 ἐς
798 2646 889 2739 όγαν,
900 2661 955 2722 καί
974 2666 1040 2732 τοῖς
1054 2657 1238 2742 ἀντιτύποις
1257 2663 1346 2740 μᾶλ-

306 2807 333 2862 9.
353 2815 572 2869 κωνστανιακοῦ
592 2813 623 2868 (i.
703 2781 926 2890 ι11.μέντόι(δ.

139 3019 146 3022 ,
235 2953 320 3010 suisa
338 2956 432 3010 tribuit
453 2965 480 3010 et
497 2957 578 3012 talem
596 2961 697 3028 lpotun
716 2961 893 3016 llontanorum
921 2965 1035 3032 imperio
1053 2967 1168 3020 miscuit.
1205 2977 1345 3024 monstra.

235 3031 289 3078 tum
310 3029 379 3081 euim
399 3038 439 3083 est
456 3046 490 3082 ex
506 3030 560 3098 his,
578 3034 695 3100 priorum
713 3034 829 3105 generis¹
843 3035 900 3087 eius
918 3037 1031 3090 tristium
1054 3037 1184 3091 laetorum
1205 3049 1233 3092 et
1250 3049 1343 3095 terre.

234 3102 455 3154 uae-eversionis
484 3101 536 3154 hoo
562 3105 696 3158 adstitisse
721 3105 857 3174 fastigium
886 3114 913 3157 et
940 3108 1017 3160 linem
1046 3108 1154 3161 fatalem
1172 3119 1199 3162 et
1218 3111 1342 3170 ultimum

233 3168 313 3221 ictum
335 3180 361 3222 et
379 3173 490 3224 orientis
509 3175 691 3226 solitudinem.

333 3258 386 3310 Sed
408 3261 430 3312 is
459 3277 517 3312 cum
536 3265 573 3315 ita
600 3265 702 3331 egisset
727 3273 753 3316 et
778 3257 871 3330 passus
898 3276 984 3332 esset,
1004 3269 1129 3335 probrum
1148 3271 1198 3322 sibi
1220 3282 1250 3324 et
1265 3275 1341 3327 deli.

234 3333 311 3381 ctum*
331 3330 415 3382 dirum
444 3334 566 3385 contulit.
610 3351 668 3387 cum
693 3336 771 3387 modo
798 3338 910 3390 october
934 3341 1033 3391 mansis
1057 3341 1152 3392 tertiae
1182 3344 1339 3398 indictionis

232 3399 348 3464 adesset,
368 3401 469 3455 fulmen
484 3404 588 3458 irruens
606 3407 635 3457 iu
647 3422 769 3476 maguam
789 3408 938 3463 columnam
952 3411 1003 3464 fori
1015 3410 1239 3484 Constantiniani,
1260 3418 1339 3471 cuius

234 3471 262 3522 in
284 3472 372 3539 capite
393 3474 497 3539 signum
515 3478 658 3528 maximum
676 3494 800 3542 aeneum,
819 3481 886 3532 solis
906 3497 1002 3549 expers
1024 3485 1199 3550 nominatum,
1219 3496 1261 3539 est
1282 3505 1337 3555 po.

233 3541 322 3605 situm,
342 3551 443 3609 partem
464 3545 605 3602 columnae
622 3549 778 3617 iu‘lastigio
791 3552 901 3618 capituli
912 3554 1028 3617 discidit,
1049 3570 1130 3607 nonas
1149 3565 1238 3608 autem
1256 3559 1336 3612 huius

232 3619 298 3676 tres,
318 3613 420 3666 ferreas
441 3617 531 3682 intus,
552 3634 616 3670 acre
635 3628 723 3671 cutem
744 3622 936 3676 circumductas
956 3634 1040 3690 extra,
1061 3628 1174 3696 disrupit
1194 3637 1221 3679 et
1239 3632 1336 3683 conci.

232 3683 280 3747 dit,
299 3682 434 3736 homiuum
452 3696 540 3740 autem
558 3691 691 3742 neminem
709 3708 798 3761 neque
824 3694 962 3749 brutorum
980 3697 1132 3750 animalium
1152 3700 1247 3752 damno
1266 3702 1336 3754 alle-

233 3755 269 3804 cit
288 3754 443 3824 quidqunm:
462 3775 550 3829 neque
570 3764 714 3831 vestigium
735 3763 831 3818 fumum
850 3767 1003 3834 significans
1030 3768 1178 3821 columnam
1198 3771 1338 3826 deforma.

232 3825 289 3876 rit:
308 3828 355 3878 sed
375 3827 493 3882 fulminis
512 3832 691 3898 vehementia,
707 3837 794 3904 ‚quasi
813 3846 927 3890 ventosa
951 3846 1045 3891 natura
1066 3849 1093 3892 et
1111 3843 1138 3892 si
1158 3856 1213 3894 non
1232 3845 1337 3910 recipi.

233 3895 315 3961 ends,
339 3899 376 3950 ita
400 3916 453 3952 uon
478 3903 649 3958 deformando
677 3906 731 3958 tale
757 3921 824 3973 opus
854 3916 881 3959 ct
900 3910 964 3962 lerri
990 3918 1070 3980 atque
1094 3913 1164 3964 aeris
1184 3915 1337 3968 firmitatem

232 3972 354 4035 tauquam
375 3970 482 4024 herbam
511 3975 678 4029 demetebct:
703 3987 783 4046 atque
810 3995 901 4032 causas
922 3981 1061 4034 fulminum
1090 3982 1137 4035 alii
1156 3984 1223 4038 alias
1243 3988 1336 4038 trade.

231 4034 305 4100 baut,
326 4038 373 4090 alii
393 4053 480 4095 autem
500 4047 652 4099 dissimiles.
689 4048 870 4102 mathematici
890 4053 959 4103 euim
979 4052 1113 4106 lluvialem
1130 4071 1190 4108 esse
1210 4057 1301 4124 iguem
1321 4073 1335 4108 e

233 4103 406 4178 physiologia
435 4119 657 4183 pronuntiabant,
682 4119 791 4172 nubium
816 4119 977 4176 ‘contusione
997 4133 1024 4176 et
1048 4126 1214 4195 disruptione
1233 4137 1334 4180 ortum:

234 4183 342 4235 tenuem
367 4183 445 4238 valde
473 4194 499 4240 et
526 4189 622 4246 ictibus
649 4193 788 4260 magisque
808 4190 910 4250 latente
939 4195 966 4250 ri
992 4204 1019 4250 et
1040 4199 1216 4256 concussione
1233 4199 1334 4256 illisum
