2834 4750
217 234 303 322 ,tid
523 232 744 319 armantis
773 240 1056 313 lmnnrorln.

227 436 263 479 τε
282 408 337 476 κατ’
356 412 487 475 πόλεων.
532 407 586 473 διά
614 410 716 473 ταύτά
742 431 793 481 τοιΙ
814 410 869 471 καί
897 406 994 487 νόμον
1024 405 1103 486 περὶ
1132 402 1348 467 αὐτῶντίνα-

225 509 376 596 γράψατο
399 511 458 593 τὴν
480 507 629 594 τοιαύτην
658 513 839 587 πλεονεξίαν
869 510 926 571 καί
956 506 1188 588 δεινοπραξίαν
1221 505 1348 566 διακω-

225 611 351 696 λύοντα,
377 611 419 685 άς
440 614 485 686 είς
506 608 626 683 πάντας
644 607 721 685 τούς
739 607 923 690 βασιλικοὺς
947 603 1143 688 ἀνθρώπους
1169 604 1348 689 ὐφέρπου-
1401 658 1402 661 ,

225 736 286 779 σαν
309 715 362 775 καί
381 720 445 785 τοῖς
467 711 634 791 βασιλεῦσι
655 708 712 791 την
729 711 876 772 δουλείαν
898 707 1145 787 άποστεροόσαν
1171 707 1241 767 τεόν
1258 708 1347 767 πλεί-

226 838 307 879 στων
327 817 383 877 καί
402 811 670 893 άγαθοόνάνδροόν
684 809 775 896 φόβην
798 811 854 891 τῆς
877 808 991 890 πικράς
1011 810 1067 869 καί
1081 806 1265 887 βιαστικῆς
1278 808 1367 868 ἐπι-5

228 920 347 990 θέσεως
370 908 494 993 ταότης.
539 914 593 973 καί
612 912 734 992 μηδένα
759 907 879 973 τούτων
902 903 917 968 ό
939 904 1108 979 θειότατος
1130 896 1232 980 οὗτος
1255 910 1345 985 βασι·
1401 896 1402 931 ³

229 999 313 1089 λεύς
334 1012 520 1094 ἐδογμάτισε
555 1008 610 1072 καί
639 1011 807 1073 ἐθέσπισεν
836 1006 900 1072 εἴτε
927 1007 1037 1079 οὐσίας
1069 1006 1263 1090 ἀφαίρεσιν
1291 1004 1345 1069 εἴτε

230 1114 407 1197 ἐναλλαγὴν
427 1111 650 1184 καταστάσεως
670 1108 727 1174 εἴτ’
750 1102 846 1192 άλλης
868 1108 937 1173 τινά
958 1108 1080 1191 βλάβης
1090 1110 1151 1171 καί
1173 1104 1347 1180 κακοάοεως

230 1218 439 1298 περιπέτειαν,
459 1214 489 1275 εί
508 1208 553 1294 μη
578 1212 613 1273 ἐκ
635 1212 824 1290 δοκιμασίας
844 1212 899 1273 καί
921 1205 1124 1291 διαγνώσεως
1155 1211 1219 1271 καί
1243 1208 1346 1287 νόμοις
1401 1234 1402 1241 ¹

232 1315 433 1399 ἡρμοσμένην
465 1336 496 1376 τε
520 1315 575 1376 καί
604 1308 807 1398 συνάδουσαν
830 1307 994 1394 άπόφασιν
1020 1304 1251 1391 άπενέγκοιτο.
1299 1306 1379 1369 ori-ld

232 1418 311 1479 νοοῦν
332 1413 388 1478 καί
416 1412 531 1487 πάντες
564 1414 763 1494 εὐχαρίστως
793 1407 826 1474 τό
855 1413 914 1473 rori
942 1409 1096 1491 δόγματος
1112 1390 1350 1489 ’ἐννομώτατον
1401 1420 1402 1501 3

233 1515 288 1579 καί
308 1512 511 1578 δικαιότατον
526 1510 556 1575 οἱ
579 1516 633 1596 τῆς
653 1516 825 1591 πολιτείας,
846 1514 900 1575 καί
911 1504 979 1575 ὅσοι
993 1512 1048 1591 τῆς
1062 1509 1263 1591 συγκλήτου
1277 1513 1350 1589 βου·

139 1610 148 1617 ’
233 1618 301 1698 λῆς,
324 1613 490 1693 δεξάμενοι
511 1612 564 1677 καί
584 1611 813 1693 ἀποδεξάμενοι
835 1616 895 1697 (εἰς
918 1614 1050 1695 ἐπήκοον
1073 1610 1139 1693 γάρ
1161 1612 1350 1695 α’νεγνοέσθη
1401 1626 1402 1647 ³

237 1716 378 1806 πάντων)
403 1711 545 1787 πολλοῖς
559 1714 735 1798 εὐφημίαις
758 1716 812 1777 καί
834 1714 958 1795 κρότοις
979 1710 1033 1775 τόν
1045 1710 1272 1795 εὐρετὴντοόν
1282 1720 1350 1777 καλ-

235 1820 349 1881 λίστων
369 1816 424 1879 καί
440 1811 661 1897 έλευθερωτὴν
684 1816 748 1877 cciv
771 1812 951 1895 α’νθριόπων
972 1814 1129 1895 ἐτίμησάν
1155 1838 1194 1877 τε
1223 1820 1284 1878 κατ’
1297 1808 1377 1893 sipi-lt

236 1937 334 2000 νησαν
355 1913 398 1991 τός
424 1913 478 1976 καί
497 1913 602 1978 κοινὸν
625 1914 791 1997 εὐεργέτην
822 1906 897 1978 ὅντα
925 1920 989 1987 τοῖς
1017 1920 1131 2003 κοινοῖς
1163 1920 1348 1999 παραγγέλ-
1401 1994 1402 2003 3

234 2040 315 2098 μασι
338 2019 393 2080 καί
413 2014 621 2095 θεσπίσμασι,
644 2018 698 2077 καί
718 2013 915 2099 stabulator
938 2013 1015 2077 κατά
1040 2011 1074 2086 τό
1091 2008 1237 2098 συνεχὲς
1261 2020 1346 2081 ἕπεο·
1401 2068 1402 2119 3

175 2144 179 2149 ·
237 2117 425 2203 φραίνοντα,
448 2118 503 2180 καί
520 2115 560 2180 τά
583 2118 683 2182 οίκεῖα
704 2114 917 2197 χαριζόμενον
939 2119 1056 2180 δίκαια.
1099 2114 1250 2192 πολλούς
1273 2114 1345 2202 γάρ,
1401 2122 1402 2187 j

235 2220 358 2299 psillos
385 2218 421 2279 δέ
451 2210 617 2295 ἅπαντας,
645 2226 713 2289 ταῖς
745 2221 1031 2304 προαφηρημέναις
1059 2218 1186 2282 τούτων
1226 2221 1346 2292 οὐσίαις
1401 2232 1402 2313 3

237 2316 483 2404 άποκατέστηοε,
505 2322 559 2383 καί
578 2318 715 2383 κάθοδον
737 2318 845 2382 αὐτῶν
871 2316 904 2397 ἐξ
932 2314 1111 2402 ὐπεροριυόν
1134 2316 1374 2406 ἐφηφίσατομλ
1401 2318 1402 2327 ’

240 2419 295 2484 καί
315 2425 478 2500 κειμένους
500 2415 562 2505 ἢδη
584 2418 638 2484 καί
667 2424 862 2499 τεθυμένους
883 2419 1027 2506 ἐζοόωσε,
1058 2420 1113 2484 κατ’
1145 2421 1250 2506 πνοὴν
1282 2426 1343 2488 ἐνέ·

236 2544 370 2587 πνευσεν
389 2513 426 2605 ἧς
440 2521 473 2591 τό
499 2522 640 2606 πρόσθεν
661 2523 839 2606 ἐστέρηντο.

337 2643 406 2706 Καί
425 2641 458 2704 τί
475 2637 539 2724 χρη
560 2638 600 2704 τά
624 2639 724 2704 πολλά
746 2623 866 2724 λέγεινς
889 2639 919 2716 εἰ
940 2639 1045 2717 πάσας
1064 2639 1142 2705 κατὰ
1165 2645 1267 2726 μέρος
1289 2642 1341 2715 τάς

238 2738 353 2804 τοότου
372 2740 605 2824 μεγαλουργίας
627 2739 847 2827 άναγρόπεους
870 2748 970 2806 ποιεῖν
992 2738 1219 2824 ἐπιβάλλοιμι,
1238 2738 1341 2825 ὅμοιος
1401 2755 1402 2844 3

1401 2847 1402 2882 l

244 2953 247 2958 .
309 2925 335 2979 η,
355 2921 497 2999 μηηυόηη
567 2954 572 2960 .
1401 2951 1402 2964 ι

237 3099 452 3168 persecutionem
471 3099 549 3150 banc.
593 3108 672 3167 atque
691 3101 823 3150 neminem
848 3099 942 3151 horum
960 3100 1073 3152 maxime
1099 3102 1205 3153 divinus
1234 3102 1278 3156 bic
1296 3120 1340 3156 rex

237 3171 395 3223 diiudicarit
410 3186 499 3238 neque
520 3173 661 3238 imperavit
685 3172 744 3222 sive
761 3171 889 3222 bonorum
911 3173 1076 3239 ereptionem
1091 3174 1149 3224 sive
1170 3178 1340 3228 mutationem
1401 3169 1402 3176 ’

238 3244 402 3296 conditionis
422 3243 481 3293 sive
512 3243 585 3294 aliud
604 3243 690 3294 damni
712 3250 737 3293 et
757 3243 913 3294 calamitatis
933 3244 1094 3308 discrimen,
1114 3246 1167 3295 nisi
1187 3262 1218 3296 re
1241 3249 1338 3299 exarui.

238 3323 301 3368 nata
320 3323 347 3366 et
365 3314 509 3366 diiudicata
526 3323 551 3376 et
565 3313 671 3382 legibus
690 3316 912 3366 accommodatam
930 3323 955 3365 et
974 3318 1161 3367 concinentem
1182 3323 1337 3370 sententiam

161 3454 164 3459 Ι
242 3387 387 3454 acciperet.
409 3400 474 3452 ergo
495 3388 572 3436 etiam
593 3401 684 3437 omnes
704 3394 780 3454 grato
801 3388 887 3438 auimo
908 3387 1043 3438 decretum
1062 3389 1175 3439 maxime
1193 3388 1337 3458 legitimum
1401 3375 1402 3454 l

241 3467 268 3510 et
286 3461 384 3508 iustum
410 3457 484 3509 cives
511 3466 536 3508 et
561 3465 700 3509 senatores
727 3459 890 3524 accipientes
918 3466 944 3508 et
962 3459 1126 3525 recipientes
1146 3464 1253 3528 (coram
1273 3465 1337 3514 enim
1401 3497 1402 3502 =

241 3530 362 3581 omnibus
380 3530 520 3580 recitatum
539 3533 593 3598 cst]
613 3529 703 3581 multis
722 3529 844 3582 laudibus
865 3537 892 3578 et
912 3529 1070 3582 clamoribus
1090 3533 1260 3584 inventorem
1279 3535 1337 3602 pul.
1401 3581 1402 3594 η

241 3601 433 3653 cherrimorum
459 3608 485 3650 et
508 3600 680 3652 liberatorem
710 3601 846 3652 bominum
872 3601 1038 3653 honorarunt
1062 3601 1285 3673 celebratumque
1312 3615 1337 3658 ut
1401 3597 1402 3676 l

242 3674 286 3742 qui
307 3681 334 3724 et
352 3672 460 3739 publice
479 3672 615 3743 beneficus
637 3680 708 3724 esset
733 3673 914 3725 communibus
934 3675 1014 3726 iussis
1036 3683 1062 3725 et
1081 3675 1186 3740 edictis,
1206 3685 1233 3728 et
1247 3679 1336 3743 priva.
1401 3679 1402 3728 i

243 3753 285 3796 tos
304 3759 395 3795 omnes
423 3752 553 3811 perpetuo
584 3744 764 3809 exhilararet,
790 3753 817 3795 et
842 3745 987 3796 domestica
1016 3745 1127 3797 donaret
1144 3748 1219 3799 iura:
1247 3751 1336 3802 multos
1401 3739 1402 3748 ¹

244 3817 323 3881 enim,
341 3815 480 3884 magisque
500 3831 591 3868 omnes
610 3817 637 3867 in
656 3816 727 3867 bona
741 3824 819 3867 antea
838 3823 930 3884 erepta
942 3818 1061 3868 restituit
1074 3826 1101 3868 ct
1118 3820 1233 3870 reditum
1254 3837 1336 3874 comm

245 3903 278 3938 ex
297 3888 393 3940 exsilio
413 3887 534 3940 decrevit
556 3895 582 3938 et
603 3889 722 3940 iacentes
742 3889 793 3939 iam
814 3897 840 3938 et
858 3887 1006 3952 immolatos
1025 3891 1198 3942 resuscitavit
1218 3901 1246 3944 et
1262 3895 1337 3962 spiri.

244 3964 302 4008 tum·
317 3959 430 4023 inflavit,
450 3974 503 4027 quo
523 3965 600 4010 antea
618 3961 716 4026 privati
737 3967 819 4011 erant.

171 4118 173 4127 η
343 4054 431 4122 Atque
450 4056 513 4123 quid
533 4062 639 4123 oportet
657 4053 740 4107 multa
759 4054 869 4108 dicere?
893 4057 916 4109 si
936 4059 1023 4108 omnia
1041 4058 1167 4124 deinceps
1189 4058 1268 4113 buius
1286 4077 1338 4114 na-

244 4138 298 4195 ςοο
317 4123 387 4176 lacta
404 4126 557 4180 describere
576 4127 728 4194 suscipiam,
750 4128 845 4184 similis
865 4143 911 4180 ero
932 4130 982 4194 iis,
1002 4130 1047 4198 qui
1075 4127 1232 4184 atlanticum
1250 4133 1338 4188 volunt
