2834 4750
554 250 762 350 ιιιετοιιια
1006 305 1012 314 ·
1135 222 1211 358 roo

90 451 215 525 θέσεις
236 452 269 516 έν
288 447 422 533 κρίσεσι,
445 446 568 525 πάντως
591 444 632 514 ἀν
652 450 710 513 οάκ
731 447 764 528 ἐξ
786 452 883 535 ἀκοῆς
902 448 1212 532 ἀλλ”έξαάτοπτιλις

89 548 140 616 rii
172 553 305 633 καθεξῆς
329 549 516 634 παραδώσει
540 548 594 614 διό
613 555 742 637 γραφῆς
763 559 828 626 τοῖς
848 545 1027 632 μετέπειτα.

207 644 285 732 Εἶχε
302 653 362 731 μὲν
386 640 453 714 obss
460 655 596 732 βασιλέα
611 651 630 736 ἦ
646 652 707 716 τεόν
727 656 879 718 Βιθυνῶν
894 653 1045 738 έπαρχία,
1068 658 1123 720 καί
1141 661 1211 739 μετ’

93 751 213 834 αάτῆν
237 753 381 836 Φρυγία,
411 749 444 815 τό
467 755 554 831 θέμα
587 756 667 836 λέγω
692 754 755 851 ταῖν
776 752 982 818 ἀνατολικῶν.
1036 756 1092 820 καί
1112 755 1212 841 συνῆ-

58 864 78 914 5
88 875 197 934 γοντο
232 850 526 942 ὲκ-ίιαταγμότων
564 852 867 937 προσφοιτησάντων
899 851 928 916 οἱ
952 857 1015 917 τῶν
1042 856 1212 937 ταγμάτων

90 950 310 1034 ἐξάρχοντες,
345 956 399 1016 καί
422 944 492 1016 όσοι
514 952 571 1035 τῆν
603 956 690 1032 τάξιν
714 953 912 1035 ἀνεπλήρουν
934 950 1067 1019 έκάστου
1090 955 1212 1039 τάγμα-

91 1073 165 1126 τος.
211 1055 267 1116 καί
288 1044 325 1136 ῆν
344 1055 424 1118 ι’ἀείν
444 1052 517 1129 τοὺς
538 1051 726 1137 διαβοήτους
759 1053 876 1137 λόχους
897 1056 931 1132 ἐξ
953 1053 1067 1137 ὀλίγων
1088 1078 1212 1139 συγκει.

91 1154 222 1232 μένους
243 1153 367 1235 ἀνδρῶν
376 1203 388 1250 ¹,
412 1158 466 1216 καί
483 1156 604 1220 τούτων
630 1152 875 1239 συγκεκυφότων
898 1158 938 1242 τῇ
961 1159 1051 1240 πενίη
1074 1154 1130 1219 καί
1147 1182 1214 1220 πα·
1270 1218 1274 1222 ,

93 1257 237 1327 νοπλίας
260 1257 477 1337 ἐστερημένον
498 1255 554 1318 καί
576 1255 674 1319 ἵππου
698 1260 889 1338 πολεμικῆς·
934 1257 968 1318 ἐκ
989 1256 1129 1330 πλείονος
1150 1255 1212 1339 γὰρ

43 1356 384 1437 εθπαραμεληθέντες
405 1348 563 1439 ἅτεμηέὲ
583 1360 740 1436 βασιλέως
761 1360 1040 1438 στρατευσαμένου
1060 1353 1113 1419 διό
1134 1361 1213 1419 πολ-

94 1450 347 1536 λῶυρένιαυτοόν
370 1447 519 1540 περί.τῆν
540 1452 634 1538 ἓιόαν,
670 1461 724 1520 κοί
744 1458 796 1521 τὸν
818 1456 1042 1542 ἀφωρισμένον
1062 1455 1210 1538 ὀψωνια-

94 1553 185 1634 σμὸν
205 1553 249 1637 μῆ
276 1557 498 1642 ἀπειληφότες,
523 1561 577 1622 καί
597 1555 678 1622 κατά
700 1556 813 1640 μικρόν
835 1559 901 1633 τοῖς
923 1559 1074 1632 ἐναντίοις
1096 1559 1131 1620 έκ
1152 1560 1208 1642 τῆς

96 1653 391 1740 ἀπαρασκευόστου
424 1663 600 1744 προσβολῆς
633 1662 687 1723 καί
712 1661 836 1742 λυπρᾶς
861 1660 1131 1739 καταβαλλόμενοι
1156 1660 1213 1722 καί

96 1753 299 1838 τρεπόμενοι,
324 1753 424 1834 οότως
446 1762 490 1834 εἰς
504 1761 638 1844 ἐσχάτην
658 1764 877 1841 ταλαιπωρίαν
897 1763 1120 1834 συνελαθέντες
1142 1760 1210 1822 det·
1253 1797 1258 1802 ·

47 1863 84 1914 15
96 1856 154 1920 λοί
175 1861 230 1922 καί
251 1857 418 1934 ἀνάλκιδες
440 1859 495 1926 καί
516 1860 595 1944 πρός
610 1863 702 1925 οὐδὲν
722 1869 864 1942 γενναῖον
878 1858 1129 1942 χρησιμεόοντες
1150 1881 1209 1920 κα-

96 1956 298 2043 τεφαίνοντο.
352 1960 394 2035 ὥς
424 1963 460 2027 δὲ
480 1966 538 2026 καί
559 1960 659 2036 αάτός
694 1964 752 2036 τός
775 1960 916 2077 σηχιαίας
935 1959 1109 2040 μονονουχς1
1128 1983 1207 2023 σιω-

95 2059 210 2142 πηρῶς
233 2058 497 2145 ἀποφθέγγεσθαι
519 2065 616 2126 ταῦτα
629 2104 645 2142 ,-
660 2058 797 2144 αιναράς
820 2060 983 2141 ορωμένας
1010 2053 1115 2142 ὥσπερ
1142 2057 1206 2122 ἀπό

97 2161 225 2222 καπνοῦ
246 2161 463 2248 καίίόπαόοός
483 2164 698 2245 έφεπομένους
731 2156 867 2243 έχοόσας
894 2153 1133 2243 εὐαριθμήτους
1154 2161 1208 2223 καί

96 2258 281 2341 πενιχροός.
333 2260 451 2344 πολλῆν
479 2262 624 2343 ἀθυμίαν
645 2266 804 2346 προσῆγον
834 2261 1109 2341 ἀναλογιζομένοις
1131 2252 1208 2322 ὅθεν

48 2360 157 2427 Ξθκαί
177 2361 248 2425 τίνα
270 2359 388 2447 τρόπον
410 2364 454 2437 εἰς
478 2362 514 2427 τό
538 2364 672 2447 ἀρχαίαν
693 2358 956 2428 έπανελεόσονται
979 2357 1034 2423 καί
1051 2356 1106 2441 τῆν
1126 2381 1208 2441 προ-

96 2464 195 2543 τέραν
219 2456 310 2539 ἀξίαν
331 2462 366 2527 τό
384 2462 618 2548 στρατιωτικόν,
635 2466 689 2530 καί
711 2463 763 2528 dni
780 2462 880 2527 πόσου
900 2466 958 2527 τοῦ
980 2458 1098 2546 χρόνου
1123 2463 1205 2525 ἀνα-

97 2566 276 2644 καλὲοοιτο,
299 2568 361 2629 τάν
380 2567 440 2645 μὲν
459 2567 733 2648 ὑπολελειμμένων
755 2547 822 2639 τοῖς
844 2566 1002 2647 τόγμααιν
1017 2564 1130 2644 όλίγων
1153 2554 1205 2624 όν.

96 2686 164 2727 των
185 2667 240 2727 καί
261 2666 487 2746 ἀπορουμένων
511 2674 576 2741 τοῖς
597 2660 704 2742 ὅπλοις
727 2669 780 2731 καί
800 2674 864 2740 τοῖς
887 2666 921 2728 έκ
943 2664 1005 2728 τῶν
1027 2663 1131 2729 ἵππων
1155 2684 1205 2724 κι-

172 2849 198 2902 i.
218 2848 319 2924 λόχους
336 2830 385 2908 καὶ
403 2847 541 2931 λοχαγοὺς
560 2856 588 2917 ἐξ
606 2852 635 2907 G.
726 2852 768 2905 16.
788 2842 822 2904 an
841 2850 935 2907 dote?

98 3027 217 3091 iudiciis,
239 3028 346 3077 omnino
365 3042 418 3078 non
440 3043 454 3078 e
475 3027 554 3078 fando
574 3027 622 3078 sed
641 3042 674 3077 ex
692 3027 726 3076 iis
745 3040 814 3092 quae
830 3025 889 3090 ipse
908 3023 985 3086 vidit,
997 3021 1123 3088 deinceps
1134 3022 1205 3074 iacta

99 3100 187 3150 tradet
206 3097 276 3154 libro
294 3100 419 3165 posteris.
678 3106 682 3113 '

201 3186 321 3239 Habebat
339 3188 421 3255 igitur
441 3204 533 3255 regem
552 3186 692 3254 provincia
711 3186 885 3252 Bithynorum
907 3190 1012 3250 etpost
1039 3196 1096 3232 eam
1116 3180 1226 3247 Phry.‘

101 3261 157 3329 gia,
176 3260 342 3327 provinciam
363 3259 527 3328 (legionem)
549 3260 608 3309 dico
630 3258 757 3321 orientis,
778 3265 805 3307 et
823 3254 987 3323 cogebantur
1007 3269 1040 3304 ex
1067 3251 1203 3303 ordinibus

101 3331 306 3393 advenientibus
330 3332 450 3383 ordinum
470 3330 599 3397 praefecti
621 3332 818 3397 etquicunque
842 3328 927 3377 aciem
948 3323 1091 3390 explebant
1110 3324 1202 3375 cuius.

102 3418 156 3470 que
181 3403 297 3465 ordinis,
324 3410 350 3453 et
374 3410 497 3469 poterant
522 3401 636 3467 spectari
665 3400 787 3452 celebres
811 3398 949 3451 centuriae
969 3396 1202 3458 presumtiones,

103 3492 136 3529 ex
151 3475 242 3541 paucis
268 3476 432 3540 compositae
456 3475 522 3525 viris
549 3476 636 3541 iisque
656 3474 791 3525 curuvatis
812 3478 931 3540 egestate
951 3477 978 3519 et
995 3469 1073 3519 armis
1091 3466 1205 3532 privatis

102 3556 129 3599 et
149 3547 267 3614 equitatu
286 3545 368 3596 belli:
388 3546 525 3595 maximam
544 3547 614 3599 enim
633 3553 733 3611 partem
751 3544 887 3612 neglecti,
903 3557 962 3592 cum
980 3554 1015 3589 ne
1035 3553 1083 3588 rex
1101 3536 1206 3603 quidem

101 3617 239 3686 proiectus
269 3626 340 3668 esset
369 3631 417 3682 per
443 3614 540 3683 multos
566 3632 649 3667 annos
675 3618 746 3667 circa
777 3618 930 3676 orientem,
957 3625 1045 3676 neque
1071 3608 1206 3659 definitum

102 3697 276 3743 commeatum
294 3688 385 3754 adepti
404 3693 430 3735 et
445 3702 531 3753 paene
552 3688 584 3757 ab
604 3688 724 3739 hostibus
754 3694 863 3753 propter
892 3684 1044 3749 imparatam
1070 3679 1205 3731 incursio.

101 3776 161 3813 nem
182 3768 209 3810 et
227 3761 348 3811 miseram
369 3758 466 3809 deiecti
487 3765 513 3807 et
531 3760 614 3822 versi,
633 3759 670 3809 ita
689 3760 716 3808 in
738 3766 880 3808 extremam
898 3752 1032 3805 miseriam
1051 3751 1138 3802 coacti
1159 3752 1205 3819 ig-

100 3834 163 3886 navi
184 3841 211 3882 et
229 3832 323 3883 iniirmi
346 3841 373 3883 et
400 3830 431 3881 ad
451 3829 550 3882 nullam
579 3846 634 3883 rem
658 3830 776 3896 nobilem
802 3826 883 3879 utiles
910 3821 1088 3889 apparebant,
1114 3823 1150 3872 ita
1176 3829 1207 3873 nt

63 3947 67 3955 .
101 3909 158 3971 ipsa
178 3904 254 3969 signa
274 3903 400 3954 militaria
426 3917 512 3968 paene
538 3904 619 3952 tacite
639 3901 706 3953 hacc
730 3904 897 3959 enarrarent,
922 3894 1026 3947 sordida
1050 3894 1206 3960 apparentia

101 3976 176 4044 quasi
196 3975 284 4037 inmo,
312 3982 338 4025 et
370 3974 480 4023 comites
501 3972 624 4022 babentia
642 3979 785 4037 sequentes
806 3977 832 4020 et
845 3981 943 4034 paucos
963 3973 990 4016 et
1009 3980 1160 4032 pauperes,
1179 3964 1206 4013 id

102 4047 171 4116 quod
191 4046 298 4096 multam
318 4046 451 4114 ignaviam
471 4044 579 4094 afferret
597 4041 791 4109 reputantibus,
812 4041 881 4091 unde
895 4047 921 4090 et
935 4038 1065 4106 quomodo
1084 4037 1111 4086 in
1133 4037 1204 4086 anti-

104 4134 182 4186 quum
201 4117 320 4169 redirent
342 4126 369 4169 et
394 4116 509 4184 priorem
532 4116 685 4183 dignitatem
713 4115 846 4165 exercitus
866 4120 892 4163 et
910 4125 958 4178 per
989 4116 1113 4177 quantum
1135 4115 1205 4158 tem-

102 4204 151 4259 pus
181 4194 333 4254 revocaret,
354 4204 411 4241 cum
431 4185 521 4239 relicti
540 4185 675 4239 ordinibus
693 4186 772 4252 pauci
793 4191 882 4237 essent
900 4190 927 4233 et
938 4179 1107 4234 inexercitati
1127 4174 1205 4228 armis
