2834 4750
235 243 286 319 92
531 243 751 321 nocuimus
780 237 1039 317 emimontu

226 415 357 500 Ιἐκείνην
379 413 568 500 προη’ρχετο.
612 409 667 477 καί
686 405 726 498 ἧν
746 414 925 497 ἐπικρατῶν
951 403 1047 497 ἄχρις
1069 407 1202 495 ἧμερόν
1224 426 1358 476 ewen-

237 515 383 600 ράκοντα.

331 613 412 682 'And
438 617 474 681 δὲ
500 615 600 700 μηνός
624 615 798 700 όκιοοβρίου
820 612 909 690 νόσος
940 614 1126 696 ε’νσκὴψασα
1146 615 1193 700 τῷ
1213 615 1361 695 βασιλεῖ

236 710 316 804 όχρι
336 717 391 784 τοό
411 718 551 792 ἐπιόντος
570 717 669 799 μείου
690 712 793 801 μηνός
811 717 1022 800 κατέτρεχεν·
1065 716 1100 779 ἐν
1119 713 1210 801 αὐτῷ
1224 715 1265 778 δὲ
1289 737 1358 776 κα-

236 817 425 900 τειργάσατο
449 819 561 883 τοῦτον
591 819 647 882 καί
675 822 732 900 τῆς
763 815 907 882 ἐνταῦθα
938 818 1019 899 ζωῆς
1050 814 1285 898 ἀπεστέρησεν.
1333 811 1380 894 ἥδ

236 921 273 985 δὲ
293 913 366 983 όσία
385 917 499 984 τοότου
523 919 582 983 orla
601 911 741 1000 ἔνθαπερ
763 912 977 1002 προσεδόκησε
1002 919 1134 1000 γέγονεν,
1157 915 1254 982 oillei,
1269 919 1356 980 δια-

235 1019 360 1094 πόντιος
388 1019 503 1102 άχδείς
532 1017 587 1084 ε’πί
605 1013 669 1086 τάν
698 1018 838 1083 duetore
863 1021 917 1101 τῆς
945 1017 1075 1101 ’χρυσῆς
1102 1012 1222 1100 πόρτης
1249 1013 1355 1097 ε’κτός,

235 1122 312 1204 περί
328 1143 361 1184 τι
376 1115 624 1205 φροντιστήριον
656 1121 704 1184 ἐπ’
736 1117 866 1201 δνόμαιι
889 1120 947 1183 τοῦ
979 1117 1071 1200 άχιόυ
1092 1115 1261 1183 Νικολάου
1287 1143 1354 1181 κα-

236 1219 447 1303 θιδρυμένον,
470 1217 515 1295 εἴς
537 1242 608 1284 τινα
635 1216 732 1304 σορόν
752 1222 1113 1303 προκατεσκευασμίνην
1141 1209 1241 1305 ἑτέρῳ
1268 1219 1354 1282 ἕνα·

102 1345 127 1385 ι.
148 1319 364 1406 1067.πετέδη,
390 1317 487 1404 ζήσας
510 1322 544 1385 δν
567 1324 608 1409 τῇ
629 1323 777 1408 βασιλείᾳ
794 1316 930 1404 χρόνους
951 1314 1030 1385 ἑπτά
1053 1321 1109 1383 κατ’
1127 1320 1233 1402 μῆνας
1258 1316 1307 1398 ἓξ.
1361 1330 1386 1382 iit

111 1401 225 1473 ·⁵‘¹¹¹¹¹·
337 1421 409 1484 Kal
427 1424 579 1505 κατίσχον
605 1420 644 1487 τά
666 1424 812 1505 σκῆπτρα
843 1423 898 1503 τῆς
916 1422 1080 1500 βασιλείοις
1104 1412 1124 1504 ἥ
1146 1443 1179 1484 τε
1203 1418 1353 1503 σάμβιος

237 1519 337 1586 elmi
357 1521 498 1588 Err’dost'u
516 1523 571 1587 καί
590 1519 620 1588 oi
637 1524 759 1596 παῖδες.
810 1522 1117 1608 προκατησφαλίσθη
1136 1521 1200 1604 γάρ
1223 1521 1245 1604 ἦ
1270 1522 1352 1588 Λά-

235 1619 354 1704 γοόστα
372 1617 417 1705 μη
443 1623 603 1708 δευτέροις
634 1623 748 1705 γάμοις
780 1623 1017 1706 προσομιλῆσαι
1048 1623 1266 1710 α’ρχιερατικῇ
1294 1622 1352 1687 καί

235 1722 428 1810 συγκλητικῇ
458 1724 651 1792 ουνελεάσει.
706 1713 745 1804 ἦν
784 1721 846 1807 γάρ
877 1727 930 1806 τῆς
962 1719 1100 1789 συνόδου
1129 1719 1351 1807 προεξάρχοικ

235 1826 291 1888 κατ’
310 1818 369 1906 τήν
390 1823 607 1907 πατριαρχίαν
628 1825 755 1906 κόσμιόν
770 1821 916 1909 Ἰωάννης
936 1824 953 1888 o‘
977 1825 1218 1908 ἔπικεκλημδνος
1236 1818 1350 1911 ,Etpa-
1358 1847 1383 1898 15

175 1919 178 1923 ¹
234 1929 337 2005 λῖκος,
366 1925 401 1988 ἐκ
436 1925 673 2008 Τραπεζοῦντος
704 1928 764 2004 μὲν
786 1915 996 2009 ὥρμημένας,“
1011 1921 1091 2015 α’νηρ
1113 1925 1149 1986 δὲ
1167 1920 1277 2008 σοφός
1292 1927 1350 1989 καί

234 2022 432 2101 παιδεόσεας
465 2025 510 2098 εἰς
541 2016 637 2112 ἄκρον
670 2021 830 2106 ε’ληλακάς
858 2025 918 2089 κάν
948 2033 1013 2102 τοῖς
1044 2030 1213 2100 πολιτικοῖς
1248 2031 1348 2110 περί-

233 2128 365 2206 βλεπτος
395 2121 531 2209 χεχονάς
560 2124 616 2188 καί
641 2127 758 2210 άρετῆς
780 2121 945 2212 εὐφρόνως
975 2119 1234 2206 ἑπιμελοόμενος,
1259 2122 1347 2192 ὥστε

234 2230 297 2300 τοῖς
317 2229 491 2307 βασιλείοις
513 2222 561 2292 ἔτι
583 2229 817 2312 ἐμφιλοχωροόν
837 2226 892 2291 καί
911 2228 1024 2312 πρῶτα
1050 2226 1157 2311 φόρουν
1177 2221 1272 2308 παρά
1299 2229 1348 2314 τῷ

234 2327 367 2408 βασιλεῖ
382 2323 441 2410 τὴν
462 2324 640 2412 μοναχικὴν
661 2327 822 2391 πολιτείαν
847 2323 988 2413 ἐνάκμῇ
1011 2326 1067 2409 τῆς
1090 2320 1266 2408 ademptae
1286 2327 1382 2400 καίεο

233 2426 288 2509 τῆς
309 2424 432 2510 ἡλικίας
455 2424 674 2491 άσιιάσαοδαι.
697 2425 833 2493 aut-riv
852 2422 1091 2512 όναχοερηιικὸν
1108 2424 1178 2507 βίον
1201 2428 1279 2510 περί
1304 2426 1344 2491 τά
1365 2423 1380 2437 ’

150 2554 154 2563 ·
231 2523 405 2609 Ὀλύμπιον
432 2516 506 2611 όρος
534 2522 690 2608 ἑλόμενος,
710 2524 824 2613 χρόνον
851 2526 912 2595 &nl
932 2526 1053 2612 συχνόν
1081 2518 1120 2610 ἦν
1146 2521 1344 2607 διαλάμπυον

235 2626 283 2693 ἔπ’
310 2627 409 2713 α’ρετῇ
437 2629 493 2691 καί
509 2614 600 2717 φόβην
629 2631 719 2696 θεοῦ.
770 2628 827 2697 καί
854 2628 909 2695 διά
929 2630 1022 2694 τοῦτο
1053 2629 1111 2694 τοῦ
1131 2622 1341 2715 πατριάρχου

238 2933 326 2980 autem
346 2927 435 2981 radios
453 2934 482 2981 nt
499 2929 532 2983 ad
550 2929 703 2983 orientem:
723 2931 834 2984 etutad
852 2930 928 2983 illum
944 2928 1180 2999 progrediebatur:
1200 2937 1228 2983 et
1245 2932 1341 2986 domi.

236 3000 348 3053 uebatur
365 3015 415 3068 per
441 3002 499 3054 dies
522 3002 703 3071 quadraginta.
824 3013 830 3021 “

334 3090 400 3142 lude
427 3106 443 3141 n
468 3105 560 3147 menso
586 3092 696 3144 octobre
715 3092 822 3145 morbus
840 3091 963 3143 incidens
980 3092 1039 3160 regi
1058 3106 1144 3159 nsque
1162 3091 1196 3143 ad
1214 3106 1339 3161 sequen.

238 3171 291 3213 tem
309 3162 406 3213 maium
424 3178 542 3215 mensem
562 3179 621 3216 eum
641 3164 787 3217 cruciabat.
812 3163 864 3214 hoc
889 3171 977 3214 autem
1001 3178 1094 3215 mense
1119 3162 1238 3214 confecit
1265 3163 1339 3216 hunc

238 3240 266 3288 et.
280 3241 389 3284 terrena
408 3233 463 3285 vita
488 3236 614 3301 privavit.
633 3236 703 3287 iusta
722 3244 810 3288 autem
829 3237 886 3287 eius
906 3248 959 3286 non
978 3234 1024 3285 ubi
1042 3243 1246 3300 exspectaverat
1266 3236 1338 3287 iacta

237 3312 313 3367 sunt,
332 3304 379 3356 sed
397 3312 468 3357 trans
487 3322 560 3359 mare
579 3306 649 3359 latus
669 3306 794 3359 lintribus
814 3315 889 3358 extra
907 3321 1015 3358 auream
1032 3314 1154 3373 portum,
1182 3307 1256 3357 circa
1275 3321 1339 3357 mo.

236 3375 379 3429 musterium
404 3377 533 3443 quoddam
560 3377 609 3430 sub
634 3380 743 3430 nomine
762 3378 846 3430 sancti
864 3377 970 3431 Nicolai
989 3377 1123 3428 conditum
1142 3378 1169 3429 in
1188 3377 1337 3443 sepulchro

236 3448 307 3516 quod
326 3442 374 3499 alii
393 3453 472 3499 antea
493 3449 590 3501 lactum
612 3456 676 3513 erat,
696 3451 833 3516 depositus
854 3457 904 3515 est,
923 3457 1062 3517 postquam
1081 3449 1150 3500 vixit
1167 3450 1194 3500 in
1220 3450 1336 3517 imperio

236 3534 320 3573 annos
339 3527 441 3586 septem
461 3525 488 3571 et
514 3536 619 3573 menses
644 3535 701 3571 sex.

327 3590 369 3643 Et
380 3589 560 3652 obtinuerunt
579 3599 712 3660 sceptrrun
732 3592 809 3659 regni
828 3606 895 3642 uxor
915 3592 972 3643 eius
985 3590 1105 3642 Eudocia
1124 3599 1151 3641 et
1168 3590 1227 3643 lilii.
1267 3606 1336 3642 con.

238 3662 338 3714 firmata
358 3664 427 3715 enim
446 3671 504 3714 erut
521 3671 642 3732 augusta,
662 3679 697 3714 ue
716 3662 802 3713 altero
822 3664 988 3714 matrimonio
1009 3662 1236 3731 coniungeretur,
1263 3678 1336 3729 pon.

237 3733 317 3784 tiliois
337 3736 443 3785 maximi
464 3742 491 3785 et
509 3735 657 3788 consiliarii
675 3735 884 3786 necessitudine.
923 3742 981 3785 erat
1001 3735 1071 3783 enim
1090 3742 1238 3795 conuentus
1258 3734 1337 3800 prin.

238 3818 301 3868 ceps
322 3810 348 3853 et
366 3806 559 3870 patriarchatus
578 3807 659 3858 decus
677 3807 791 3858 loannes
810 3808 969 3873 cognomine
987 3805 1073 3857 dictus
1093 3803 1257 3871 xiphilinus,
1270 3805 1336 3856 Tra.

237 3881 354 3939 perunte
373 3876 509 3942 oriundus,
528 3878 607 3930 homo
627 3878 733 3944 sapiens
754 3885 780 3928 et
797 3878 990 3929 institutionem
1014 3891 1140 3938 summam
1158 3877 1288 3942 adeptus:
1309 3884 1337 3926 et

236 3946 263 4001 in
292 3943 372 3995 rebus
401 3946 526 3999 civilibus
551 3948 663 4001 illustris
691 3957 718 4000 et
746 3951 871 4001 virtutem
897 3949 1042 4016 prudenter
1067 3962 1179 4011 curans,
1204 3948 1242 3997 itu
1261 3948 1336 3997 utin

238 4016 313 4082 regia
333 4015 467 4066 etiamtum
486 4034 596 4073 versans
615 4027 642 4071 et
659 4022 759 4087 primos
778 4020 894 4073 honores
913 4028 1051 4086 reportans
1070 4019 1138 4086 opud
1149 4033 1251 4085 regem,
1275 4032 1335 4067 ruo.

237 4084 375 4137 nachicflm
395 4086 475 4138 vitum
495 4089 522 4138 in
540 4090 606 4143 flore
634 4092 757 4144 fortunae
776 4094 915 4145 etaetatis
941 4091 1162 4158 amplecteretur:
1189 4098 1216 4139 et
1239 4089 1334 4141 solitu-

230 4158 302 4215 τίετο
330 4157 413 4215 vitam
447 4158 518 4212 cirea
545 4160 712 4232 Olympicum
742 4173 859 4218 montem
885 4163 988 4233 eligens
1016 4177 1065 4230 per
1095 4160 1204 4215 multum
1232 4168 1337 4229 tempus
