2834 4750
236 257 337 362 ὀιν
507 377 510 384 Ι
554 287 773 359 urcuaums
804 284 1064 356 immorare

260 457 409 532 κεῖσθαι,
438 449 494 516 καί
513 449 659 538 φοράδην
687 455 878 533 κομίζεσθαι
908 449 1058 527 πολλάκις
1089 449 1126 513 ἒν
1157 448 1227 533 μιᾷ
1258 448 1319 510 καί
1344 447 1377 530 τῇ

261 553 343 642 αύτῇ
365 550 452 640 κλίνῃ
477 555 569 618 πέντε
591 551 648 616 καί
666 555 699 632 ἓξ
721 541 853 638 νεκρούς
874 548 1101 637 ἀτημελήτους,
1125 551 1186 614 καί
1204 542 1378 628 πανταχό-

259 657 317 720 θεν
350 657 507 739 ἐπιρρέειν
533 654 575 719 τύ
597 652 793 740 σκυθρωπά,
811 656 866 718 καί
885 652 988 738 πύσρς
1021 652 1207 737 κατηφείας
1231 649 1378 732 πληρού-

121 767 141 826 l.
158 766 211 830 212
222 782 250 823 τ.
260 759 341 822 σθαι
365 753 422 839 τὴν
441 757 687 836 βασιλεύουσαν.
744 756 807 818 τῶν
833 756 869 818 δὲ
890 755 1116 838 καθημερινιύν
1142 753 1207 814 καί
1229 746 1377 830 παρανό-

258 880 328 943 μοον
348 853 510 940 κριμύτοον
531 855 664 936 ούίεμία
688 879 742 932 τις.
759 852 919 938 α’ναστολὴ
944 861 1010 928 τοῖς
1028 855 1214 938 κρατοῦσιν
1240 853 1395 933 ε’γίνετο·5

258 953 328 1024 ἀλλ’
349 952 456 1044 ιύσπερ
481 955 617 1042 μηδενὸς
638 954 673 1022 τύ
698 951 851 1041 παράπαν
883 957 1086 1037 ἐνοχλοῦντος
1107 963 1180 1031 τοῖς
1196 953 1374 1034 Ῥωμαίοις

257 1057 442 1146 α’λλοφύλου
465 1063 604 1139 πολέμου
626 1051 647 1142 οἳ
666 1060 757 1152 θείας
781 1057 886 1143 ὁρμῆς,
906 1050 930 1139 ἢ
951 1053 1027 1132 τούς
1048 1054 1257 1142 ἀνθρώπους
1277 1079 1374 1120 κατα-

256 1159 432 1245 τρεχούσης
453 1158 574 1236 ἐνδείας
595 1159 651 1223 καί
667 1157 744 1240 βίας
766 1159 930 1241 βιωτικῆς,
954 1154 1056 1232 αύτως
1084 1149 1197 1231 ridendo
1216 1153 1373 1240 ἔπραττον

257 1259 296 1326 τύ
321 1262 456 1343 θεομισῆ
476 1262 531 1324 καί
551 1251 735 1344 τυραννικοί.
776 1261 833 1323 καί
852 1262 915 1322 πεῖν
939 1258 1172 1345 προβούλευμα
1194 1256 1372 1340 βασιλικὸν

256 1363 302 1438 εἷς
322 1358 356 1427 τὸ
376 1357 449 1439 τούς
471 1365 605 1437 οἰκείους
622 1361 745 1425 α’ίικεῖν
764 1358 820 1423 καί
840 1361 1115 1444 κατασοφίζεσθαι
1135 1358 1198 1422 καί
1220 1357 1399 1444 θηρεύτιιιο

254 1459 329 1536 τούς
348 1465 438 1544 βίους
463 1461 569 1526 αύτῶν
590 1461 644 1526 καί
665 1459 724 1543 τὴν
756 1460 909 1546 ἀφορμὴν
929 1462 988 1543 τῆς
1005 1459 1087 1542 ζωῆς
1109 1465 1311 1543 κατεμινετο.

231 1631 233 1638 ,
380 1564 422 1625 Τί
443 1553 500 1624 ούν
522 1559 555 1624 τύ
579 1562 747 1642 ε’ντεύθενς
770 1555 930 1644 ἤσχαλλον
952 1547 1067 1635 πύντες
1088 1560 1145 1623 καί
1168 1562 1369 1644 ἐδυσχέραι-

255 1684 308 1726 νον
351 1661 404 1725 καί
441 1663 591 1746 διηνεκῶς
626 1664 813 1726 ἐποτνιῶντο
846 1659 926 1743 πρύς
963 1659 1019 1724 τὸν
1057 1658 1150 1742 θεόν,
1190 1663 1369 1744 ἕπιβλύμαι
1398 1681 1402 1688 ·

254 1761 335 1846 πρὸς
365 1761 422 1845 τὴν
456 1762 558 1826 αύτού
590 1767 800 1847 κληρονομίαν
832 1758 886 1825 dcci
921 1759 1039 1836 παντύς
1069 1757 1289 1844 ἱκετεύοντες,
1318 1766 1370 1826 καί

255 1867 523 1948 προχειρίσασθαι
551 1855 654 1947 ἄνδρα
687 1857 755 1944 ἅμα
778 1866 837 1943 μὲν
864 1861 919 1926 καί
946 1863 1020 1937 τούς
1039 1860 1221 1943 τυράννους
1250 1861 1399 1937 αύτούςςρ

255 1962 432 2046 ύυνύμενον
463 1969 625 2045 καθελεῖν,
656 1959 725 2045 ἅμα
756 1965 792 2028 δὲ
815 1966 871 2028 καί
895 1961 954 2044 τοὶς
979 1961 1081 2046 τύχας
1104 1964 1170 2028 τῶν
1196 1963 1368 2045 Ῥωμαίων

254 2063 335 2148 πρὸς
368 2063 401 2130 τὸ
435 2064 652 2149 εύθυμύτερον
682 2047 894 2149 ε’παναγαμεῖν
925 2060 1079 2150 φρονήσει
1122 2068 1180 2129 καί
1215 2062 1368 2148 γενναιό-

254 2187 324 2247 τητι
348 2162 401 2228 καί
423 2170 580 2254 φιλοτίμῳ
609 2169 663 2230 καί
693 2166 843 2254 φιλοίκτῳ
870 2169 970 2253 ψυχῇ.
1014 2168 1069 2229 καί
1095 2167 1205 2247 μέντοι
1232 2164 1293 2231 καί
1315 2191 1365 2231 τε-

175 2323 180 2338 ,
254 2263 430 2347 τυχὴκασιν
460 2267 516 2329 ούκ
544 2267 589 2341 εἰς
618 2263 745 2350 μακρύν
769 2265 832 2330 rulo
863 2265 942 2332 κατὰ
969 2267 1094 2332 σκοπόν.
1138 2269 1367 2351 προσδεξύμτ·

253 2386 305 2439 νος
333 2363 395 2450 γὰρ
428 2362 484 2450 τὴν
517 2364 641 2453 αἴτησιν
675 2367 784 2433 αύτούν
812 2367 830 2432 d
862 2371 896 2433 ἐν
928 2371 1009 2435 ἐλέει
1039 2370 1222 2453 α’μέτρητος
1255 2367 1400 2455 κύριοςνο

253 2466 416 2553 α’νίστησιν
443 2460 550 2557 χύινιλρα
585 2470 746 2555 κρείττονα
771 2472 826 2554 τῆς
853 2471 1037 2555 εύχῆςτούν
1065 2473 1280 2555 φοβουμένων
1304 2472 1368 2537 αύ-

252 2563 318 2650 τύν,
340 2571 397 2633 καί
413 2572 563 2662 τοσοῦτον
576 2572 628 2645 ,είς
642 2568 758 2656 ύρετὴν
769 2574 826 2636 καί
842 2570 1124 2658 μεγαλοφροσύνην
1142 2574 1203 2635 καί
1213 2562 1369 2655 γενναιό-

214 2684 217 2691 ’
252 2691 332 2751 τητα
362 2668 416 2734 καί
438 2668 670 2757 στρατιωτικήν
693 2659 965 2758 μεγαλοδοξότητα
998 2665 1072 2737 ὅσον
1092 2670 1109 2738 ὅ
1131 2664 1244 2759 προύην
1262 2679 1367 2756 βασι.

253 2973 310 3035 tur,
330 2975 356 3021 et
376 2968 475 3035 opertis
500 2966 569 3021 locis
587 2969 707 3022 iacerent
733 2970 944 3023 atetlerrentur
965 2983 1048 3039 saepe
1073 2972 1102 3023 in
1127 2986 1181 3023 uno
1208 2972 1364 3041 eodemque

252 3040 326 3093 lecto
346 3042 465 3109 quinque
484 3048 510 3091 et
535 3056 583 3093 sex
602 3039 733 3095 cadavera
758 3041 816 3093 sine
844 3042 902 3094 ulla
918 3058 993 3107 cura,
1014 3051 1041 3093 et
1061 3044 1240 3111 undecunque
1259 3044 1363 3096 afflue.

252 3120 313 3165 rent
331 3114 388 3165 dira
407 3120 434 3163 ct
452 3113 523 3163 omui
542 3113 651 3165 tristitia
670 3112 828 3180 impleretur
846 3114 909 3166 urbs
923 3116 1014 3182 regia:
1036 3116 1250 3181 quotidianarum
1268 3125 1363 3167 autem

252 3185 409 3236 iniuriarum
437 3192 464 3234 et
488 3184 644 3241 iniustorum
670 3186 829 3237 iudiciorum
855 3186 978 3238 remissio
1004 3185 1080 3237 nulla
1103 3186 1136 3237 ab
1164 3187 1360 3253 imperantibus

251 3256 347 3308 fiebat:
366 3255 414 3308 sed
433 3254 508 3323 quasi
528 3254 631 3306 nullum
650 3256 757 3307 omnino
773 3264 908 3323 premeret
920 3257 1038 3323 Graecos¹
1056 3258 1125 3310 alius
1145 3259 1237 3323 stirpis
1255 3258 1360 3311 bellum

250 3327 296 3380 vel
315 3328 406 3379 divina
425 3328 466 3377 ira
485 3325 530 3379 vel
550 3342 715 3396 persequens
737 3326 858 3388 homines
882 3328 974 3394 inopia
998 3335 1026 3379 et
1043 3329 1175 3381 violentia
1188 3329 1302 3393 vitalis,
1323 3332 1358 3380 ita

171 3417 177 3435 ι
250 3413 346 3451 secure
366 3396 481 3465 agebant
500 3396 569 3449 iacta
589 3400 639 3449 deo
664 3400 752 3450 invisa
782 3407 810 3450 et
827 3401 983 3465 tyrannica:
1011 3408 1091 3469 atque
1110 3415 1189 3452 omne
1215 3400 1358 3454 consilium

228 3472 322 3539 ‚regis
350 3477 377 3521 ct
395 3469 539 3537 cogitatum
560 3470 593 3520 ad
612 3469 736 3521 iniuriam
759 3471 814 3521 suis
833 3469 998 3522 inferendam
1022 3472 1099 3522 etad
1122 3471 1314 3538 decipiendum
1333 3479 1357 3522 et

249 3542 400 3595 venandum
419 3542 500 3593 vitam
521 3554 612 3591 corum
633 3548 659 3591 et
679 3541 877 3593 fundamentum
895 3542 984 3594 victus
1010 3543 1156 3609 spectabat.

350 3629 418 3695 Quid
444 3640 508 3697 ergo
537 3627 621 3680 inde?
645 3628 851 3698 indignabantur
876 3644 968 3683 omnes
998 3638 1025 3681 et
1048 3615 1162 3683 moleste
1187 3632 1314 3684 ferebant
1332 3640 1358 3682 et

250 3692 357 3755 assidui
375 3698 561 3768 supplicabant
580 3701 641 3765 deo,
660 3710 689 3751 ut
714 3709 850 3767 spectaret
874 3703 907 3753 ad
934 3718 1009 3754 suam
1027 3704 1229 3769 possessionem
1249 3705 1356 3755 omnino

249 3774 353 3839 precati
380 3781 407 3824 et
426 3780 530 3823 crearet
549 3772 651 3837 virum,
671 3772 717 3840 qui
742 3772 820 3824 simul
841 3775 869 3824 et
893 3780 1022 3839 tyrannos
1041 3774 1115 3841 ipsos
1133 3783 1230 3842 posset
1248 3775 1357 3837 tollere,

249 3844 381 3912 simulque
402 3845 480 3901 etiam
507 3843 625 3896 fortunas
646 3843 807 3897 Graecorum
836 3844 868 3895 ad
886 3846 1014 3896 maiorem
1040 3845 1197 3897 felicitatem
1224 3847 1357 3899 adducere

248 3915 390 3980 prudentia
408 3924 434 3966 et
452 3914 594 3967 nobilitate
614 3923 642 3966 et
659 3929 794 3984 generoso
812 3923 893 3984 atque
910 3916 1078 3968 misericordi
1092 3919 1191 3982 animo,
1209 3933 1304 3987 neque
1322 3919 1357 3967 ita

223 4000 225 4005 ·
248 3983 359 4035 multum
378 3985 536 4038 aberrarunt
553 4002 569 4037 a
586 3987 727 4054 proposito
746 3986 809 4037 fine.
830 3988 968 4053 accipiens
989 3990 1059 4039 enim
1078 4003 1175 4055 preces
1194 4004 1290 4041 eorum
1309 3991 1356 4055 do-

247 4053 334 4105 minus
353 4056 380 4105 iu
404 4058 588 4109 misericordia
617 4059 761 4129 immensus
786 4059 904 4110 instituit
928 4060 1014 4110 virum
1037 4061 1205 4127 superiorem
1231 4061 1356 4127 precibus

248 4139 350 4190 eorum,
370 4128 490 4193 quicum
506 4135 665 4201 metuerant,
686 4137 713 4196 et
731 4137 832 4181 tuntum
846 4129 917 4197 quod
937 4130 1032 4183 attinet
1050 4132 1175 4183 virtutem
1196 4141 1224 4191 ct
1241 4148 1355 4201 mugna-

246 4198 394 4253 nimitutem
413 4206 440 4250 et
456 4197 624 4252 nobilitatem
638 4207 665 4251 et
678 4200 821 4254 militarem
839 4201 965 4269 gloriam,
981 4209 1108 4271 quantum
1126 4203 1201 4271 prior
1222 4220 1274 4257 rex
1292 4220 1354 4273 pra-
