2834 4750
487 283 694 361 sewun.
1066 285 1142 362 227
1172 357 1176 363 .

14 459 155 535 λαλεῖν,
182 453 224 530 οδς
245 449 337 537 μηδδ
350 451 527 536 πυρφόρον,
553 446 622 533 deq·
644 453 779 532 λέγεται,
803 445 882 532 πρδς
900 449 957 534 τήν
970 450 1145 532 Ῥωμαίων

14 557 237 618 ἐπανελθεῖν.
289 554 344 616 καί
374 546 414 634 ἧν
444 555 538 617 τοῦτο
567 551 699 634 ου’χερὲς
731 551 789 628 μὲν
815 556 882 625 τοῖς
911 553 1062 626 ἐναντίοις
1090 547 1146 616 καί

14 652 228 736 ιροὶτιστον,
263 644 403 738 δι’φυκτον
433 654 468 717 δὲ
489 659 555 727 τοϊς
572 651 750 732 Ῥωμαίοις
781 652 861 733 πρὸς
890 641 987 732 ἧτταν
1007 650 1145 736 παντελῆ

14 758 76 818 καί
102 749 306 837 κατακοπὴν.
352 749 367 816 ὃ
391 753 426 818 dd
447 755 546 816 ποιῶν
571 751 606 815 τὸ
629 755 756 835 θέλημα
778 752 841 814 τῶν
854 754 1061 835 φοβουμένων
1084 753 1144 817 αδ-

13 851 72 918 ιδν
93 852 184 928 θεὸς
206 855 314 937 ἕτερον
333 855 427 917 τοῦτο
451 857 567 918 παθεῖν
590 854 689 934 α’σεβῆ
720 852 775 917 καί
794 847 1023 932 ἀσυλλόγιστον
1043 876 1145 934 στρα-

13 953 118 1040 τηγὸν
157 947 248 1032 ἄξιον
274 947 355 1017 εἶναι
380 954 542 1034 ἐδίκασεν,
576 953 698 1034 soraee}
728 954 763 1016 δὲ
785 950 841 1016 καί
861 952 998 1031 δίκαιον,
1020 942 1086 1026 οἷος
1105 943 1266 1036 ἧνί.216τ.

13 1052 29 1117 c‘
63 1055 212 1134 Φωκοῖς,
233 1053 395 1135 οδδαμῶς.
441 1050 495 1118 διδ
517 1057 610 1118 τοῦτο
631 1053 686 1116 καί
706 1077 772 1118 τισι
794 1056 855 1117 τῶν
871 1054 1063 1136 Σαρακηνῶν
1084 1050 1144 1116 δύο

13 1152 156 1220 σκοπδν
182 1156 342 1239 ἐντίθησιν
367 1153 585 1238 αὐτομολῆσαι
619 1152 699 1237 πρὸς
727 1153 801 1228 τούς
827 1153 1007 1234 Ῥωμαίους
1029 1155 1084 1217 καί
1102 1155 1146 1239 τῷ

16 1257 135 1342 Φωκᾷ
164 1279 384 1339 καταμηνισαι
406 1253 462 1338 τήν
484 1256 636 1339 τοιαύτην
656 1252 845 1339 ἐπιβουλήν·
879 1252 913 1318 οι
931 1258 987 1320 καί
1008 1261 1145 1340 προσελ-

13 1353 144 1434 δόντες
176 1357 267 1442 αυτῷ
295 1360 350 1421 καί
376 1354 410 1422 τὸ
434 1355 616 1441 α’πόρρητον
644 1356 889 1458 φανερώσαντες
918 1357 1146 1439 ἐπιεικέστερον
1216 1438 1221 1451 ¹

15 1454 243 1543 πεποιήκασι
285 1458 441 1573 μηδαμως
459 1450 514 1520 οδν
545 1453 809 1541 δπερθὲμενος’
786 1462 933 1541 ανίσιησι
953 1458 987 1523 ad
1012 1453 1147 1541 στρατό-

18 1562 143 1640 πεδον,
169 1563 318 1624 κοίκιΐθεν
354 1581 435 1640 αρας
457 1555 570 1632 νυκτδς
598 1558 773 1643 αθρόοος’
757 1561 956 1624 επεισπίατει
978 1566 1042 1633 τοῖς
1066 1555 1146 1636 ἔξω·

20 1665 88 1723 θεν
118 1657 575 1741 κατεστρατοπεδευμένοις”
555 1683 603 1722 ετι
621 1657 831 1742 τυγχάνουσι,
859 1683 912 1722 και
945 1661 1146 1742 καταπλήξας

23 1757 162 1834 ου’τούς
193 1762 237 1844 τῷ
258 1758 431 1844 ἀλαλαγμῷ
463 1759 516 1822 καί
548 1762 585 1845 τῇ
606 1757 727 1835 ε’κτοίξει
749 1762 804 1841 τῆς
828 1762 979 1841 στρατιᾶς
999 1757 1055 1822 καί
1075 1767 1147 1834 ταῖς

22 1855 239 1943 ἑκατέρωθεν
261 1862 452 1941 προσβολαῖς
473 1867 585 1943 φυγεῖν
617 1857 759 1933 α’τᾰκτως
780 1857 949 1941 ἤνοίγκασε,
970 1861 1026 1921 καί
1047 1857 1148 1921 πολδν

27 1956 139 2044 φόνον
163 1957 269 2022 αὐτῶν
301 1957 534 2042 ἐργασάμενος,
556 1958 610 2023 καί
629 1962 734 2024 πᾶσαν
756 1957 819 2042 ,τὴν
840 1961 1017 2022 πανοπλίαν
1040 1955 1148 2023 cicade

25 2061 87 2122 καί
111 2054 478 2139 αδτοδςρῖπολιολεκαδς,
503 2060 647 2124 διέλυσεν
674 2053 801 2122 ἅπαντα
824 2054 879 2122 τδν
900 2053 1022 2121 ἐκεῖθεν
1045 2053 1147 2140 φόβον

27 2157 91 2221 καί
115 2159 223 2222 πᾶσαν
247 2155 305 2241 τήν
333 2156 471 2237 δύναμιν
500 2158 557 2242 τῆς
585 2155 683 2241 νήσου
712 2160 898 2239 παρέλυσεν.
950 2156 1148 2240 ἀγνοούντων

31 2259 70 2322 δὲ
105 2260 171 2323 τιόν
195 2255 281 2336 ε’ντδς
311 2254 346 2320 τὸ
370 2256 591 2340 συμβεβηκός,
619 2254 759 2337 πόλεμον
780 2259 889 2332 ου’τοῖς
912 2253 1148 2342 πολιορκητικδν

9 2356 145 2435 neri-‘hic
178 2359 388 2425 ε’πανὲσεισεν.
439 2353 469 2422 οἱ
492 2358 527 2421 δὲ
549 2354 607 2435 τοὶς
627 2360 880 2439 βεβουλευμένος
911 2359 1020 2433 αδτοῖς
1044 2358 1149 2443 φυγῆς

35 2458 264 2540 α’ντεχδμενοι,
286 2458 341 2523 καί
361 2462 423 2523 τοῦν
445 2457 534 2532 ε’κτδς
569 2460 804 2541 προσδοκῶντες
824 2456 881 2541 τήν
902 2455 1028 2543 ἔφοδον,
1049 2476 1150 2537 nans·

34 2558 233 2635 σκευάζοντα
261 2558 339 2641 πρὸς
359 2556 417 2640 τὴν
445 2556 562 2637 ἔξοδον.
614 2557 656 2635 ιδς
678 2560 713 2623 δὲ
734 2559 790 2623 καί
812 2552 828 2620 δ
851 2561 969 2632 Φακᾶς
992 2552 1150 2640 πετροβό-

34 2664 106 2735 λοις
124 2658 266 2743 ὀργάνοις
280 2656 355 2735 τοδς
377 2658 431 2723 ent
445 2657 509 2725 τιδν
520 2661 633 2742 τειχῶν
655 2657 865 2742 ἄντημύνατο,
887 2658 1025 2723 κάκεῖνοι
1039 2660 1151 2733 λίθους

119 2816 165 2867 15.
185 2818 339 2888 προβολαῖς
360 2816 390 2870 O.
477 2818 521 2871 20.
539 2819 587 2883 τῆς
605 2781 846 2895 βεβουλευμένρςλ

39 2994 101 3031 rum
122 2986 221 3030 terram
239 2980 453 3050 redirettoatque
479 2989 536 3033 erat
560 2981 612 3033 hoc
632 2980 785 3047 expeditum
813 2980 920 3047 quidem
940 2979 1102 3032 adversariis
1122 2986 1150 3032 et

40 3052 190 3117 optimum,
212 3051 369 3103 inevitabile
396 3060 484 3105 autem
509 3052 634 3105 Romanis
660 3066 745 3118 usquc
770 3051 802 3101 ad
830 3050 931 3101 cladem
956 3050 1104 3102 absolutam
1123 3056 1151 3100 et

27 3118 253 3173 'coniectionem
284 3123 347 3174 deus
367 3132 464 3187 autem,
484 3125 529 3191 qui
549 3132 631 3175 ratam
651 3122 715 3174 facit
735 3120 899 3172 voluntatem
913 3136 1005 3171 eorum
1024 3121 1070 3187 qui
1090 3134 1150 3171 eum

40 3201 192 3256 verentur,
211 3193 312 3259 alium,
331 3198 376 3261 qui
395 3194 447 3245 hoc
465 3202 617 3261 pateretur,
646 3193 747 3258 inpium
767 3199 793 3242 et
817 3193 950 3243 incautum
976 3192 1069 3243 ducem
1087 3191 1150 3257 dig.

24 3267 106 3315 'num
128 3279 187 3315 esse
206 3266 343 3331 iudicavit,
364 3274 468 3318 cautum
488 3274 574 3317 autem
603 3272 630 3315 et
647 3265 756 3326 iustum,
783 3262 870 3330 qualis
890 3270 947 3313 erat
965 3262 1077 3324 Phocus,
1097 3276 1149 3312 ne..

42 3350 186 3403 quaquam.
224 3344 367 3403 propterea
389 3339 467 3390 etiam
486 3336 589 3390 duobus
603 3334 743 3387 Saracenis
763 3333 904 3385 consilium
923 3334 1010 3384 iniicit
1029 3332 1149 3383 transfu-

41 3406 138 3472 giendi
164 3406 197 3457 ad
215 3408 347 3459 Romanos
374 3417 400 3460 et
417 3407 523 3461 Phocae
549 3406 703 3459 declarandi
731 3404 799 3456 tales
823 3405 949 3456 insidias:
979 3403 1150 3472 quiquidem

42 3475 179 3527 etiamad
199 3490 256 3527 eum
275 3487 408 3531 venerunt
434 3487 461 3529 et
484 3486 616 3531 secretum
646 3475 814 3529 declarantes
832 3477 917 3542 magis
934 3482 1071 3527 strenuum
1090 3488 1149 3524 eum
1214 3513 1217 3519 .

43 3546 227 3599 reddiderunt.
246 3546 315 3597 nihil
336 3550 574 3615 igitur-cunctatus
593 3549 700 3600 iustruit
729 3548 885 3610 exercitum,
904 3556 984 3614 atque
1003 3545 1065 3597 inde
1082 3558 1150 3611 pro.

45 3618 134 3669 iectus
153 3623 235 3667 noctu
255 3632 313 3667 cunr
332 3621 468 3671 universis
489 3620 643 3688 aggreditur
662 3618 743 3682 illos,
765 3618 810 3686 qui
829 3618 963 3668 etiamtum
982 3617 1150 3667 extrinsecae

44 3688 72 3737 in
93 3689 188 3739 castris
209 3696 300 3751 erant,
322 3696 347 3739 et
374 3697 478 3741 terrens
505 3705 550 3742 eos
577 3689 693 3741 elamore
716 3688 818 3740 bellico
844 3696 871 3739 et
894 3688 1022 3741 instructa
1046 3688 1104 3737 acic
1124 3691 1153 3737 et

47 3758 125 3811 factis
144 3759 269 3828 utrinque
296 3760 451 3825 praesidiis,
475 3762 502 3811 in
531 3761 619 3827 fugam
646 3761 783 3812 contusam
808 3773 856 3810 eos
879 3760 978 3825 coegit,
998 3765 1025 3808 et
1043 3756 1152 3809 multam

47 3830 156 3881 caedem
174 3844 265 3881 eorum
286 3830 388 3881 faciens
409 3837 488 3897 atquc
510 3846 613 3882 omnem
632 3846 743 3900 gravem
764 3837 920 3883 armaturam
939 3843 1030 3879 eorum
1050 3842 1153 3895 eosque

45 3902 120 3965 ipsos
141 3900 233 3953 delens
254 3900 379 3954 dissolvit
399 3916 513 3965 omnem,
540 3902 585 3967 qui
604 3902 667 3953 iude
685 3901 773 3965 fieret,
793 3909 909 3963 metum,
929 3908 955 3949 et
974 3914 1078 3950 omnem
1096 3900 1152 3951 vim

48 3970 152 4023 insulae
171 3971 288 4023 sustulit
327 3972 512 4039 ignorantibus
539 3978 643 4033 autem,
672 3973 718 4038 qui
743 3972 917 4034 immorant,
938 3969 1151 4038 factum‚oppu-

49 4044 201 4107 gnationem
220 4044 252 4095 iis
273 4044 361 4096 statim
382 4045 474 4094 movit.
522 4041 565 4093 iiii
585 4050 672 4094 autem
692 4048 806 4093 statutae
832 4057 895 4093 ase
916 4041 996 4111 fugae
1015 4042 1153 4095 studentes

51 4118 77 4161 et
96 4128 185 4166 eorum
204 4115 249 4182 qui
270 4123 345 4167 extra
371 4122 461 4179 erant,
482 4120 668 4181 exspectantes
697 4112 848 4176 adventum,
869 4115 1052 4167 excursionem
1070 4129 1153 4182 pure-
1180 4122 1186 4137 “

49 4180 120 4237 baut.
157 4200 216 4237 cum
234 4178 323 4239 autem
349 4193 376 4237 et
400 4185 502 4239 Phocus
534 4183 664 4239 machinis
690 4182 857 4239 iaculatoriis
882 4199 928 4239 ecs
951 4186 997 4255 qui
1023 4186 1053 4237 in
1069 4184 1153 4242 muria
