2834 4750
497 206 706 301 eunome
850 235 853 239 ·
1083 214 1230 325 sss¹

21 379 90 464 γάρ
116 373 162 463 ἧν
184 379 224 446 τό
258 386 320 467 τῆς
338 378 545 469 εὐδαιμονίας
566 394 600 456 e’r
622 387 818 472 άπασι,’και’
845 393 930 479 κοινή
952 397 1008 478 τῆς
1028 398 1159 481 selseya-

22 488 105 557 σιἀς
131 482 152 567 ἢ
176 487 368 565 ἐπιμένεια.
422 490 476 573 ἐφ’
507 482 555 565 οἷς
583 494 639 557 καί
668 491 787 573 άπορία
817 488 938 570 πάντας
956 506 1083 580 κατεῖχε
1105 502 1160 564 καί

22 581 165 664 θάμβος
190 588 354 664 ἐξαίσιον,
376 589 454 664 πῶς.
468 593 526 653 τοῦ
545 592 868 675 προβεβασιλεοκότος
891 594 1029 679 Μιχαὴλ
1049 601 1159 679 πενίαν

23 686 243 769 θρηνοῦντος
281 686 334 752 οἶεί
358 691 415 753 καί
434 690 569 775 α’πορίαν
593 691 706 776 δεινήν,
736 698 792 757 καί
813 686 971 759 dodrans
994 695 1082 783 αὐτῷ
1103 696 1158 782 τη“ν

8 792 16 840 i
26 794 134 868 χεῖρα
156 783 366 851 καθεστάναι
387 787 467 871 πρός
488 793 671 876 εόεργεσίαν
691 792 810 875 μικράν
832 796 1027 878 ἐπιλέγοντος
1049 793 1102 859 διά
1122 798 1156 860 τό

27 888 88 969 τῆς
114 890 301 967 βασιλείας
321 886 405 970 τάχα
426 888 626 977 δυστόχημα,
651 894 685 957 ἔκ
701 894 799 958 ποιάιν
813 896 924 978 πηγῶν,
941 884 1034 970 οὗτος
1054 892 1070 957 ό
1093 897 1158 976 μετ’

29 989 164 1051 ἐκεῖνον
200 985 247 1051 τά
269 987 440 1071 Ῥωμαίων
471 996 611 1075 σκῆπτρα
641 990 853 1078 ἒμχειρισθείς
883 993 1042 1071 τοσαότας
1068 996 1161 1062 άνεκ-

31 1086 217 1172 όιημητους
256 1089 439 1173 εὐεργεσίας
462 1092 517 1156 καί
541 1091 643 1171 όόσεις
671 1098 727 1159 καί
752 1094 945 1161 πλουτοποιά
977 1098 1191 1181 χαρίσματαλ
1209 1105 1304 1163 2281.

31 1186 240 1275 ἐνεδείξατο,
267 1192 322 1254 καί
341 1190 438 1270 τιμάς
460 1192 540 1275 όπὲρ
561 1195 696 1278 ψάμμον
717 1196 771 1260 καί
790 1194 887 1280 χορόν
911 1196 1069 1280 οὐρανίων
1092 1223 1163 1285 φοι-

8 1287 183 1375 λστὴρων.
211 1288 272 1355 καί
291 1293 354 1355 τῶν
372 1296 432 1373 μὲν
447 1286 550 1358 άλλων
570 1291 698 1378 ἡμεροῦν
719 1296 775 1371 τὰς
795 1294 890 1378 τιμάς
909 1296 963 1361 διὰ
985 1296 1021 1361 τό
1042 1302 1163 1382 πλῆθος

33 1393 94 1454 καί
118 1388 156 1456 τό
186 1389 348 1477 α’όριστον
366 1398 441 1487 σιγῇ
461 1398 697 1478 παραδέδοται·
728 1394 766 1461 τά
795 1401 826 1460 d’
845 1400 900 1461 ε’πί
920 1401 960 1486 τῇ
978 1398 1040 1463 τιόν
1061 1401 1163 1481 βαΐων

34 1496 186 1579 κυριακῇ
202 1491 329 1568 πάντας
346 1492 545 1577 ἀμωσγέπως
558 1498 737 1581 ἐξέπληξαν.
760 1500 849 1562 πάσα
863 1498 960 1584 γάρὴ
980 1496 1164 1585 σύγκλητος,

36 1591 125 1677 ὑπὲρ
144 1594 320 1678 μυριάδας
335 1593 460 1676 άνόροῖν
472 1602 768 1684 παραμετρουμίνη,
789 1600 857 1663 κατ’
873 1591 975 1681 ἄνδρα
992 1604 1047 1665 καί
1059 1625 1162 1687 κεφα-

37 1690 101 1773 λὴν
130 1693 290 1775 μεγάλων
316 1695 463 1777 η’ξιοῦντο
479 1689 588 1778 τιμιόν,
603 1702 837 1784 τετραριθμους
856 1704 910 1765 καί
929 1704 1179 1785 πενταρίθμους·

9 1792 202 1873 5βαθμοός
225 1792 500 1878 όπερβαινουσοόν,
522 1793 565 1873 ιός
581 1800 664 1883 μηδὲ
677 1798 785 1864 ἀν’τόν
801 1796 854 1865 τόν
874 1795 1163 1883 πρωτοβεστιάριον

39 1889 77 1955 ἐκ
101 1892 165 1955 τοῦ
187 1896 351 1975 βασιλέως
381 1891 542 1961 tritonem
569 1896 833 1981 παραλαμβάνειν
854 1885 937 1972 ’τούς
965 1903 1162 1981 τιμωμένους

40 1994 101 2057 καί
119 1990 183 2070 τάς
203 1991 299 2070 άξίας
315 1997 506 2081 ἐπιφωνεῖν,
524 1996 604 2061 stad
626 1999 846 2063 σοναντιῖσθαι
861 1996 947 2082 παρά
975 2000 1036 2063 τῶν
1064 1998 1163 2080 τιμῶν

43 2097 183 2177 συχνῶς
209 2096 268 2160 καί
286 2094 503 2181 ὑποστρέφειν
524 2093 579 2161 ἐπί
596 2097 654 2180 τήν
681 2094 840 2181 προβολήν
863 2099 918 2162 καί
941 2090 1038 2174 αόθις
1061 2095 1165 2164 άνθυ-

41 2197 264 2282 ποστρόφειν,
289 2190 310 2281 ἢ
332 2193 387 2261 καί
407 2198 461 2261 ἐπί
484 2198 543 2260 τοῦ
564 2198 667 2263 αότοό
688 2194 857 2280 ἱστάμενον
884 2188 953 2263 άλλ’
984 2200 1032 2263 ἐπ’
1053 2191 1162 2275 άλλοις

8 2294 359 2380 λθκαταλαμβάνοντας
387 2295 588 2366 ἐπισπεύδειν
611 2300 672 2361 αότ
688 2345 729 2386 ,1.
759 2295 815 2374 τάς
840 2300 1027 2382 τιμωμένων
1056 2301 1164 2386 ἒκφω-
1209 2332 1233 2362 .=

43 2397 169 2480 κη’σεις,
191 2402 250 2463 καί
271 2393 393 2481 μόχθον
416 2406 505 2480 σχεῖν
526 2403 709 2481 τηλικοῦτον
732 2393 804 2474 όσος
827 2399 915 2486 αὐτῷ
935 2403 990 2464 καί
1011 2397 1069 2482 τη“ν
1092 2425 1164 2485 φω-

47 2498 107 2582 νην
130 2504 338 2585 περιέκοψιν.
392 2496 470 2564 εἴπω
492 2523 522 2563 τι
545 2500 766 2584 α’στειότερον,·
790 2497 820 2564 οῖ
842 2500 937 2584 οἶρμοί
958 2503 1013 2564 καί
1033 2505 1163 2588 πένητες

46 2605 106 2686 τῆς
129 2597 389 2686 βασιλευσάσης,
419 2597 450 2665 οἱ
469 2607 538 2676 ταῖς
560 2603 743 2667 ε’πισκεπέσι
765 2606 827 2667 τῶν
855 2599 1047 2688 λεωφόρων,
1068 2603 1162 2689 αἵπερ

127 2782 173 2834 11.
193 2778 404 2855 παραδίδωκαλ

54 2952 221 3007 assiduitast
248 2958 359 3021 propter
385 2967 467 3022 quse,
479 2954 557 3005 etiam
582 2953 712 3007 dubitatio
742 2965 834 3006 omnes
852 2953 962 3006 tenebat
980 2962 1007 3005 et
1025 2955 1163 3008 admiratio

54 3025 166 3093 ingens,
189 3025 321 3093 quomodo
341 3039 399 3077 cum
418 3027 540 3092 superior
567 3041 616 3077 rex
633 3023 750 3078 bliohael
775 3026 891 3091 inopiam
916 3033 1073 3092 quereretur
1091 3041 1165 3078 sem.

56 3111 106 3162 per
127 3106 156 3148 et
175 3104 322 3164 egestatem
346 3097 438 3160 diram,
467 3105 493 3148 et
511 3097 639 3148 infimam
660 3094 711 3147 sibi
732 3111 835 3147 manum
865 3111 925 3146 esse
944 3097 1046 3146 diceret
1063 3097 1095 3147 ad
1113 3096 1165 3148 be.

55 3169 188 3219 nelioium
205 3181 316 3236 parvum
334 3177 444 3236 propter
462 3169 540 3236 regni
560 3168 701 3231 fortunam,
725 3183 758 3218 ex
777 3165 899 3234 qualibus
919 3167 1036 3217 lontibus
1055 3166 1099 3218 bio
1119 3169 1165 3236 qui

56 3239 218 3304 postillam
239 3239 417 3291 Romanorum
436 3247 568 3306 sceptrum
594 3246 736 3306 acceperat
759 3245 831 3290 tanta
850 3237 1040 3289 inenarrabilia
1058 3237 1164 3290 benefi.
1182 3247 1201 3288 ,·

58 3312 102 3361 cia
124 3319 153 3362 st
173 3311 242 3362 dona
262 3320 288 3363 et
306 3313 404 3377 divites
425 3311 582 3380 largitiones
601 3310 764 3362 ostendisset
778 3318 805 3362 et
820 3310 935 3361 honores
955 3323 1035 3376 snpra
1056 3323 1164 3362 arenam

59 3380 86 3433 et
106 3382 219 3433 chorum
239 3382 397 3434 coelestium
416 3382 551 3433 luminum.
590 3390 669 3449 atque
695 3381 765 3448 quod
784 3391 934 3433 ceterorum
955 3381 1056 3432 dierum
1075 3381 1163 3434 hono.

56 3469 103 3504 res
122 3454 221 3504 attinet
239 3461 349 3519 propter
371 3452 564 3505 multitudinem
585 3467 676 3504 eornm
696 3459 724 3502 et
742 3453 872 3504 inlinitum
897 3468 1034 3503 numerum
1054 3453 1164 3506 silentio

58 3525 152 3575 traditi
183 3530 261 3574 sunta
290 3539 358 3592 quae
382 3532 470 3575 autem
496 3525 540 3576 dis
563 3524 695 3576 dominica
727 3522 872 3590 palmarum
891 3524 1053 3588 aeciderunt,
1073 3536 1164 3576 omnes

59 3595 154 3663 aliquo
183 3594 261 3645 modo
290 3596 447 3646 excitarunt.
491 3596 575 3647 omnis
603 3597 672 3646 enim
697 3604 845 3647 conventus
870 3596 1003 3661 myriades
1029 3595 1164 3647 hominum

62 3666 320 3718 excedens.viritim
341 3672 368 3715 et
385 3667 529 3717 seeundum
548 3667 635 3732 capita
646 3667 749 3734 magnis
765 3659 913 3718 'ornabatur
931 3667 1076 3719 bonoribus
1096 3682 1163 3736 qua.

61 3745 125 3789 tuor
145 3745 173 3790 ot
191 3738 308 3804 quinque
333 3736 429 3804 gradus
448 3737 634 3804 superantibus
645 3763 658 3802 ‚²
671 3740 709 3789 ita
724 3745 763 3787 =ut
780 3753 814 3788 ne
833 3739 891 3802 ipse
911 3738 1016 3804 quidem
1032 3745 1165 3804 protove.

62 3810 172 3862 stisrins
191 3825 207 3861 a
227 3823 293 3876 rege
311 3815 403 3873 posset
418 3806 542 3874 aooipe're
561 3808 706 3861 honoratos
722 3816 748 3859 et
765 3809 907 3876 dignitates
926 3811 1100 3876 pronuntiare
1118 3811 1166 3862 sed
1217 3865 1220 3868 ,

65 3880 227 3933 obrueretur
245 3878 394 3931 honoribus
406 3893 494 3945 ⁴saepe
514 3887 540 3929 et
559 3881 668 3932 eederet
694 3878 727 3930 ad
748 3877 901 3946 suffragium
919 3895 1065 3948 rursusque
1084 3897 1165 3933 reoe.

66 3951 143 4003 deret
160 3961 207 4004 ant
226 3953 307 4003 etiarn
326 3952 353 4001 in
378 3950 471 4002 eodem
490 3949 552 4001 looo
571 3959 644 4002 stans
663 3957 794 4016 perpetuo
821 3958 911 4002 auctas
930 3951 1095 4004 acceleraret
1113 3951 1165 4004 bo.

63 4031 220 4076 noratornm
239 4023 472 4091 pronuntiationes
493 4028 520 4072 et
536 4021 656 4073 laborem
674 4020 787 4072 baberet
804 4029 914 4086 tantum,
934 4029 964 4074 ut
982 4024 1007 4073 ei
1028 4033 1054 4076 et
1070 4039 1166 4078 rocem

66 4096 218 4148 conficeret.
268 4095 353 4148 dicam
377 4094 442 4165 qaid
466 4092 610 4147 urbaniuss
637 4092 742 4147 desides
767 4100 796 4144 et
821 4107 953 4162 pauperes
980 4095 1053 4152 urbis
1072 4099 1119 4169 qni
1136 4098 1166 4150 in
