2834 4750
491 235 698 320 numnis.
837 188 864 217 '⁴
1129 197 1151 306 o

49 413 115 454 τειν
138 385 160 454 ἀ
178 394 242 476 χρη
265 391 320 456 καί
341 395 438 458 πᾶσιν
459 395 676 459 ὑποδεικνύειν
698 396 838 475 ἀψευδὲς
852 395 1013 479 σύμβολον
1032 398 1071 462 τοὶ
1093 403 1155 464 τοῖν
1217 415 1223 428 ·

50 492 241 572 νυκτερινῶν
253 516 311 558 σου
332 491 433 578 λόγων
454 493 700 577 σπουδάσματα,
725 499 780 559 καί
799 496 842 570 (ἐς
865 495 922 572 τάς
934 498 1064 579 βίβλους
1079 499 1155 583 ἀλη·

49 589 118 666 θοός
141 598 300 674 περιέπεις
330 595 385 656 καί
417 592 536 660 τούτων
557 597 714 676 ἐπιμελῶς
749 597 867 686 ἀκροᾷ,
887 600 1023 678 μείζονα
1046 597 1156 663 λοιπόν

51 688 129 772 ἡμῖν
150 688 205 756 τὸν
235 695 340 776 ἀγῶνα
370 697 426 760 καί
457 694 665 780 ἀκμαιότερον
694 699 859 777 τέθεικας,
882 689 962 762 ὥστε
984 701 1157 784 προφέρειν

25 809 79 864 5τι
105 795 170 856 τάν
192 798 256 858 σῶν
277 799 411 860 τουτωνί
432 799 564 878 λογικῶν
585 794 843 878 σπουδασμάτων
865 795 1001 874 ἐπάξιον.
1038 797 1092 861 διά
1116 796 1156 879 δὴ

50 895 151 957 ταῦτα
173 899 232 958 καί
250 919 319 958 τινα
342 896 448 960 δέλτον
459 897 617 973 συντάξας
632 901 665 962 ἐκ
681 903 745 962 τῶν
767 899 933 981 προσεχῶς
954 907 1020 972 τοῖς
1043 897 1157 982 ἦμέτέ.

50 1016 119 1078 ροις
140 991 268 1078 χρόνοις
289 999 501 1085 γεγενημένων
523 998 666 1079 πράξεων
688 997 722 1062 ἐν
736 1023 770 1062 τε
790 1005 939 1079 πολέμοις
963 1001 1016 1062 καί
1035 999 1158 1087 μάχαις

50 1095 106 1158 καί
130 1098 231 1170 νίκαις
251 1095 305 1159 κατ’
319 1092 426 1179 ἥτταις
449 1097 504 1162 καί
524 1107 702 1179 πολεμικοῖς
725 1101 969 1183 κατορῷνμασιν
992 1093 1014 1182 ἢ
1035 1098 1157 1183 ἀτυχή-

49 1218 142 1280 μασι,
168 1191 319 1276 προσθείς
342 1200 377 1262 δὲ
401 1199 455 1262 καί
475 1196 532 1273 τοὶς
553 1201 659 1274 αἰτίας
681 1199 762 1264 κατὰ
778 1197 811 1264 τὸ
835 1199 970 1266 δυνατὸν
992 1204 1053 1263 ταῖν
1072 1197 1156 1266 οὕτω

10 1317 42 1370 10
51 1299 291 1377 τετελεσμένων,
313 1293 380 1362 εἶτα
407 1305 599 1381 παρατείνας
619 1299 671 1366 τὸν
694 1299 783 1383 λόγον
805 1295 824 1385 ἢ
845 1304 899 1365 καί
919 1296 1094 1384 ἐξαρτύσας
1113 1300 1158 1376 οὖς

51 1395 256 1480 ἐνηδιίσμασί
279 1422 341 1462 τισι
375 1408 439 1476 τοῖς
473 1399 750 1484 παρεμπίπτουσα
782 1401 974 1485 ἀπροόπτοις
1007 1403 1158 1485 σημείοις,
1212 1471 1217 1492 l

52 1497 166 1580 ἀρετάς
188 1521 221 1562 τε
251 1496 307 1562 καί
327 1505 437 1576 κακίας
467 1505 530 1567 τῶν
561 1500 725 1584 ἀρξάντων
752 1501 806 1566 καί
837 1500 1030 1586 ἡγεμονικῶς
1052 1500 1159 1581 ἀπαρ-

52 1596 174 1677 ξάντων
193 1597 439 1682 ἀναταξάμενος,
460 1607 687 1679 σννεπιπλέξας
710 1607 745 1677 δέ
765 1609 821 1668 καί
840 1603 979 1689 φυσικάς
1000 1625 1086 1678 τινας
1105 1626 1157 1666 τε.

50 1700 220 1780 χνολογίας
238 1698 293 1764 καί
313 1699 402 1780 ζοίων
425 1702 513 1776 ἶδέας
533 1701 753 1789 ἀναφανείσας
772 1712 836 1780 τοῖς
854 1703 926 1769 τότε
947 1712 1081 1788 καιροῖς,
1103 1705 1159 1768 καί

12 1798 162 1874 ςῡάπλαλς
190 1803 334 1884 ποικίλην
357 1802 425 1866 τινὰ
447 1807 557 1884 βίβλον
579 1798 684 1886 ὥσπερ
706 1808 845 1886 λειμῶνα
857 1813 923 1880 τοῖς
942 1797 1053 1869 ἄνθεσι
1075 1801 1186 1889 ppei-t.
1209 1813 1261 1870 168
1272 1828 1297 1869 τ.

52 1923 154 1964 ουσαν
179 1901 434 1986 ἀποτερματίσας
456 1906 509 1968 ἐπί
530 1905 674 1989 ἐξηγήσει
695 1905 816 1970 τούτων
837 1902 983 1970 ἀπάντων
1006 1902 1076 1988 (καί
1094 1905 1157 1990 γάρ

52 2003 83 2065 εί
110 2003 169 2066 καί
198 2005 274 2086 περί
302 2006 364 2068 τῶν
393 2006 469 2089 ἡμῖν
504 2009 707 2089 ἐγνωσμένων
731 2009 925 2093 φθέγγεται,
956 2007 1024 2070 ἀλλ’
1056 2002 1160 2091 ἧτοῖν

53 2110 271 2189 καινοπρέπων
288 2105 385 2188 χύσις
406 2107 445 2170 ου’
465 2104 616 2189 βούλεται
637 2111 738 2172 ταῦτα
755 2111 828 2195 σιγῇ
850 2111 1022 2190 παρελθεῖν
1043 2111 1098 2173 καί
1116 2109 1181 2182 εἰς1

53 2206 156 2293 λη’θην
178 2207 298 2272 τούτων
316 2207 390 2285 τούς
412 2204 601 2304 ἀνθρωπους
625 2209 756 2292 ἐλθεῖν),
779 2205 897 2292 ταύτην
913 2203 1019 2291 ὥσπερ
1037 2234 1066 2272 τι
1082 2214 1161 2271 καλ-

13 2311 192 2393 ρολιὲρημα
215 2307 270 2373 καί
290 2309 429 2390 δεξίωμα
448 2308 595 2375 δουλικὸν
620 2313 659 2397 τῇ
683 2312 725 2396 σῇ
748 2306 974 2397 φιλανθρωπίη
992 2308 1046 2373 καί
1066 2314 1159 2391 φιλο·

54 2412 177 2499 χρίοτιρ
205 2414 330 2499 σπουδῇ
358 2413 508 2498 ἀναφέρω
545 2413 600 2475 καί
630 2410 827 2497 ἀνατίθημι,
860 2408 903 2484 ἀς
934 2406 972 2474 ἀν
1013 2412 1052 2498 τῇ
1079 2408 1161 2474 ταδ-

54 2536 108 2597 της
144 2514 247 2594 κρίσει
280 2516 334 2577 καί
367 2518 569 2599 μεγαλοφυεῖ
600 2510 769 2595 διαγνώσει
811 2503 945 2597 διατεθῇ
981 2510 1019 2577 ro*
1055 2513 1160 2587 καλῶς

129 2695 154 2743 1.
177 2684 388 2765 σίμβουλονῦ.
524 2693 568 2746 20.
590 2704 683 2761 margo
702 2693 850 2765 ἀνάθημα.

57 2866 179 2919 omnibus
198 2866 350 2935 significare
374 2866 479 2918 sincere
501 2872 530 2916 ut
547 2866 651 2933 signum
678 2873 866 2916 nocturnarum
891 2873 993 2916 tuarum
1011 2866 1161 2917 orationum

57 2938 266 3001 lucubrationes,
288 2945 368 3005 atque
386 2936 518 3005 quomodo
537 2936 631 2989 literas
650 2952 715 2988 vere
735 2936 808 2987 colas
829 2935 932 3005 bosque
952 2936 1098 3004 diligenter
1116 2938 1160 2989 lo-

57 3026 112 3077 pas,
131 3010 218 3060 maius
236 3010 287 3059 iam
311 3007 388 3059 nobis
414 3017 549 3059 certamen
576 3016 602 3058 et
628 3008 745 3060 vividius
772 3007 926 3071 reddidisti,
948 3015 977 3058 ut
995 3008 1161 3073 proferamus

58 3082 127 3149 quod
146 3081 199 3131 tuis
224 3080 298 3131 bisce
324 3080 447 3131 oratoriis
474 3078 703 3130 lucubrationibus
723 3078 829 3145 dignum
854 3079 896 3129 sit.
945 3085 1088 3144 propterea
1105 3080 1161 3145 igi.
1214 3078 1220 3095 ¹

57 3162 99 3203 tur
120 3154 199 3203 etiam
220 3166 277 3201 cum
297 3149 392 3201 librum
420 3150 550 3219 quendam
578 3150 782 3216 conscripserim
807 3164 896 3201 rerum
916 3150 1036 3215 proxime
1062 3150 1161 3201 nostris

57 3223 221 3290 temporibus
252 3230 386 3289 gestarum
412 3220 538 3273 inbellis
565 3229 591 3272 et
614 3219 727 3287 proeliis
755 3230 782 3273 et
801 3221 922 3273 victoriis
948 3227 975 3271 et
996 3219 1114 3272 cladibus
1135 3228 1163 3270 et

59 3288 132 3347 belli'
145 3292 270 3345 felicibus
289 3302 315 3345 et
333 3292 486 3345 infelicibus
507 3293 599 3357 iactis,
621 3301 647 3343 et
676 3292 819 3344 addiderim
838 3293 916 3343 etiam
937 3306 1054 3355 caussas,
1074 3292 1162 3360 quoad

59 3367 142 3433 potui,
161 3380 262 3427 eorum,
281 3379 349 3433 quae
369 3365 406 3414 ita
424 3373 500 3432 gesta
518 3373 588 3429 sunt,
610 3364 705 3415 deinde
728 3366 892 3417 extenderim
916 3363 1012 3414 librum
1032 3365 1163 3429 σίκερα.-

58 3439 109 3489 tius
129 3437 274 3488 condierim
293 3444 416 3504 tanquam
445 3436 619 3501 condimentis
651 3434 805 3504 quibusdam
829 3435 946 3486 fortuitis
974 3450 1062 3503 neque
1083 3442 1162 3485 antea

59 3508 250 3560 animadversis
277 3508 378 3576 signis,
409 3514 489 3575 atque
513 3504 625 3560 virtutes
647 3515 673 3559 et
691 3509 757 3559 vitia
776 3523 882 3571 eorum,
904 3508 948 3575 qui
970 3513 1116 3574 regnarunt
1135 3514 1163 3555 et

60 3580 103 3647 qui
131 3580 299 3645 imperatoris
330 3577 408 3645 modo
434 3579 570 3645 praesides
601 3580 723 3642 luerunt,
748 3580 917 3646 repetierim‚
943 3578 990 3629 sed
1017 3576 1161 3628 adiecerim

61 3652 138 3701 ctiam
156 3649 291 3701 naturales
312 3649 435 3717 quasdam
455 3652 625 3718 quaestiones
652 3658 679 3701 et
696 3650 849 3703 auinialium
870 3649 977 3712 formas,
999 3647 1092 3716 quales
1112 3663 1161 3715 ap.

60 3722 198 3788 paruerint
220 3720 276 3772 illis
301 3720 480 3787 temporibus,
500 3731 580 3790 atque
607 3738 661 3773 uno
680 3723 765 3774 verbo
784 3723 887 3773 varium
907 3720 1036 3787 quendam
1056 3719 1161 3783 librum,

60 3801 183 3859 tanquam
201 3800 302 3859 pratum
322 3790 431 3843 floribus
450 3792 585 3845 abundans
610 3794 742 3846 liniverim
761 3794 795 3844 ad
815 3791 960 3843 enarranda
978 3790 1045 3842 bace
1063 3793 1161 3855 omnia,

62 3865 174 3931 (etenim
192 3864 242 3915 etsi
262 3864 295 3914 de
314 3865 356 3926 iis,
376 3879 444 3931 quse
463 3878 478 3915 a
498 3864 574 3916 nobis
594 3873 714 3932 spectata
732 3872 801 3929 sunt,
821 3864 938 3927 dicetur,
958 3869 1045 3914 τουτων
1066 3865 1161 3915 novis·
1192 3866 1195 3875 '

62 3936 182 3985 simarum
209 3950 297 3986 rerum
316 3934 395 4000 eopia
412 3949 465 3985 non
486 3936 549 3987 sinit
568 3936 633 3986 baec
661 3934 770 3987 silentio
789 3935 930 4002 praeteriri
949 3943 976 3985 et
995 3936 1022 3985 in
1041 3934 1161 3986 oblivio.

62 4020 120 4054 nem
140 4004 231 4056 barum
251 4005 371 4059 homines
398 4007 548 4075 incidere),
576 4006 646 4057 bunc
671 4007 754 4073 igitur
781 4006 878 4058 librum
904 4015 1027 4075 tanquam
1058 4021 1161 4057 sacrum

65 4076 177 4129 lanatum
198 4084 223 4125 et
243 4078 338 4129 donum
358 4085 497 4144 acceptum
515 4078 587 4129 servi
612 4080 649 4129 tui
669 4076 827 4131 humanitati
845 4086 907 4129 tuas
927 4086 953 4130 et
973 4078 1061 4129 studio
1080 4078 1160 4132 Chri.

64 4146 155 4200 stianit
183 4148 342 4201 amicissimo
366 4148 450 4201 offero
474 4156 501 4202 et
528 4149 633 4219 depono
660 4156 689 4202 ut
717 4150 795 4205 buius
825 4150 924 4202 iudicio
945 4158 972 4200 et
989 4150 1160 4203 distinctione
