2834 4750
538 283 746 354 sosoma
1115 266 1194 351 ott*

91 444 249 528 ἔμελλον,
277 444 355 531 μήτε
384 443 438 509 τὸν
454 444 578 511 ιστάλον
607 448 755 523 ἐάσαντες
768 434 1006 531 ’,α’κοβίρνητον,
1027 439 1108 509 α’λλά
1134 441 1194 507 κάν

93 543 199 634 τοάτιρ
224 546 432 631 δροαγγάριον
453 548 693 631 ἐπιστήσαντες.

200 638 292 711 Οάτω
313 647 350 708 δι’
368 650 429 710 τῶν
455 644 534 711 κατά
558 646 614 730 τὴν
636 646 728 712 πάλιν
749 640 946 730 πραγμάτων
968 642 1116 727 ἐχόντων,
1138 640 1194 707 καί

89 750 251 831 βασιλέως
274 749 523 829 καθαιρεθέντος
552 745 709 813 δπλιτικάν
730 744 857 831 ἔχοντος
880 748 914 812 εἰι
936 745 1138 828 μισθοφορᾶς
1160 743 1194 807 ἐν

60 851 231 932 5μοριάσι
252 842 573 932 σοναριθμοάμενον,
603 850 657 912 καί
690 852 750 913 sori
773 845 987 913 Βοτανειάτσυ
1018 842 1210 924 πολεμικάς
1276 872 1279 879 ·

92 953 151 1013 καί
168 952 319 1070 μαχίμως
340 947 399 1032 τήν
420 948 502 1064 δπὲρ
526 953 580 1031 τῆς
610 951 715 1031 κοινῆς
747 952 809 1013 τῶν
827 948 994 1029 Ῥωμαίων
1025 946 1192 1027 εδετηρίας
1232 956 1240 1017 ᾗ

91 1050 199 1133 ὁρμην
221 1048 459 1165 ε’ξαρτάσαντος,
480 1042 675 1130 ἀναίμακτον
700 1044 784 1112 άπαν
805 1048 860 1111 καί
888 1045 1069 1129 άνιάλεθρον
1097 1066 1194 1111 ουνε-

91 1147 239 1234 περάνθη
260 1148 295 1215 τά
319 1148 579 1229 αποτέλεσμα,
553 1175 596 1225 ως
616 1143 741 1233 μηδὲ
723 1147 809 1245 ρῖνά
814 1170 896 1221 τινος
925 1148 1059 1227 αἵματος
1089 1146 1196 1229 γενέσ·
1275 1210 1277 1214 .

90 1254 153 1314 θαι
183 1248 376 1334 διάβροχον·
422 1243 499 1333 άπερ
538 1252 650 1333 δεῖγμα
678 1253 735 1333 τῆς
765 1252 811 1323 εἰς
841 1247 917 1312 θεὸν
935 1248 1038 1313 αι’τοδ
1059 1249 1223 1319 πιᾛοτεωςί
1236 1255 1292 1313 227
1301 1273 1325 1311 r

36 1372 82 1425 10
91 1377 148 1418 και
167 1354 224 1434 τῆς
245 1348 280 1415 εκ
295 1354 377 1415 θεοῦ
397 1354 624 1435 προχειρίσεως
646 1348 763 1416 τούτου
785 1347 990 1435 σαφέστατόν
1015 1369 1048 1413 τι
1071 1349 1125 1411 καί
1144 1347 1194 1409 οἶ-

90 1458 261 1517 κειάτατον.
305 1452 385 1515 άλλά
403 1453 438 1517 τά
462 1455 521 1532 μὲν
537 1450 599 1515 άπὸ
624 1451 783 1532 βασιλέων
805 1447 900 1532 ἔσχεν
922 1448 941 1513 δ
961 1450 1018 1532 τῆς
1038 1448 1195 1532 θεομὴτο-

91 1578 148 1646 ρος
168 1556 201 1617 ἐν
223 1555 424 1637 Βλαχέρναις
446 1551 541 1636 σηκὸς
563 1550 822 1637 ἱεράτατος,,καί
837 1557 1031 1636 περιέσωσεν
1051 1551 1085 1615 ἐν
1109 1549 1196 1635 odet?

91 1651 149 1737 την
172 1655 269 1738 τρίχα
287 1651 346 1729 ,καί
366 1650 422 1717 τάν
445 1651 562 1735 κόσμον
583 1652 847 1734 ἐκτιναξάμενον·
894 1651 1001 1715 τάνδ’
1024 1649 1086 1716 άπά
1101 1657 1194 1733 λογο-

93 1756 198 1819 arrd»
219 1758 274 1819 καί
293 1754 349 1822 τάν
376 1749 493 1819 τοάτοο
518 1753 739 1839 προασπιστήν
759 1756 891 1836 Δαβίδ,
921 1753 955 1819 τὸ
978 1755 1038 1817 τοῦ
1057 1744 1196 1835 μεγάλοι)

42 1884 83 1936 15
92 1848 321 1939 ἓταιρειάρχοο
342 1860 527 1940 κεκτημένον
550 1855 724 1941 άφφίκιον,
749 1849 781 1931 ὃς
803 1854 837 1919 ἐκ
860 1856 1074 1939 παραγγελίας
1097 1850 1197 1915 atrro

91 1957 151 2018 τοῦ
172 1951 232 2017 άπὸ
234 1949 430 2037 λογοθετάν
451 1951 505 2017 τὸν
529 1957 684 2039 α’ρχιερέα
706 1956 763 2039 τῆς
785 1954 874 2037 ἱερᾶς
903 1953 1104 2037 τραπέζης’
1088 1975 1122 2015 εν
1154 1953 1196 2037 τῷ
1281 2000 1286 2011 ,

97 2050 318 2157 θυσιαστηρίῳ
340 2059 397 2137 τῆς
419 2057 476 2120 τοῦ
497 2058 574 2118 θεοῦ
595 2056 690 2137 λόγον
709 2058 825 2140 σοφίας
846 2057 961 2136 βιαίως
991 2052 1194 2133 άνετλναοεν,

97 2155 205 2230 oddag
234 2145 320 2231 θεῖος
347 2156 443 2236 δόμος
466 2158 595 2235 ἐδέξατο
618 2158 673 2219 καί
700 2160 910 2240 περιέστειλεν
937 2150 1068 2219 ἔνδοθεν
1097 2153 1193 2242 (ptos-

94 2254 272 2342 σθησαν
235 2282 296 2339 γαρ
309 2262 496 2340 προσελθεῖν
511 2282 563 2320 και
588 2279 786 2346 προσραηναι
809 2257 938 2331 ἐκείνοις
957 2279 1002 2319 ων
1016 2278 1075 2339 την
1095 2278 1196 2319 κατα.

46 2384 85 2438 20
97 2356 204 2443 φυγήν
227 2352 334 2432 άλλως
359 2359 455 2422 αάτοί
474 2356 709 2443 άπηγόρεασαν,
729 2354 784 2422 καί
802 2347 846 2421 ὧν
869 2350 962 2442 ὕβριν
980 2358 1036 2421 καί
1066 2356 1196 2438 άτιμιὶτν

96 2462 132 2523 ἐκ
152 2461 344 2542 προπετείας
367 2456 573 2535 άτασθάλοος
594 2462 776 2545 κατέχεαν),
806 2455 888 2523 άλλά
910 2461 972 2525 τάν
993 2459 1097 2523 ἵππων
1129 2461 1196 2522 ἑπι-

94 2556 207 2641 βάντες
227 2555 287 2623 σάν
310 2558 425 2643 ὀλίγοις
449 2562 513 2623 τάν
535 2561 617 2646 α’μηί
640 2557 759 2634 αὐτοὺς
781 2557 860 2643 πράς
882 2551 1021 2645 ἑσπέραν
1048 2550 1197 2645 ἐξωρμη-

94 2684 166 2725 σαν.
209 2659 264 2724 καί
284 2662 568 2743 καταλαμβάνουσι
587 2658 642 2726 τὸν
656 2661 835 2726 ‘Potestas
854 2663 901 2736 είς
917 2659 1111 2744 Ἡράκλειαν
1134 2650 1197 2744 ἤδη

95 2765 153 2845 τῆς
167 2759 245 2827 κατά
269 2762 333 2826 τοῖν
355 2760 533 2829 ἀντιπάλων
552 2762 638 2847 νίκης
660 2759 700 2829 τά
721 2762 918 2850 χαριστήρια
942 2757 1079 2828 θάοντα·
1102 2751 1199 2826 δστε-
1271 2784 1276 2792 ’

94 3024 163 3076 tium
181 3022 301 3075 ordinem
318 3023 471 3076 adornaturi
491 3031 575 3089 erant,
593 3039 682 3091 neque
701 3021 814 3076 classem
832 3021 1001 3091 reliquerunt
1018 3023 1078 3076 sine
1096 3022 1198 3090 guber.

94 3104 202 3160 natoue,
223 3096 270 3147 sed
290 3096 368 3147 ctiam
387 3096 449 3147 huic
468 3096 637 3162 drongarium
655 3096 847 3160 imposuerunt.

198 3190 263 3245 (lum
282 3199 370 3242 autem
388 3193 428 3243 sic
446 3192 474 3242 in
492 3191 558 3242 urbe
577 3206 620 3242 res
640 3206 669 3242 se
688 3190 838 3255 haberent,
863 3197 890 3241 ct
908 3206 958 3242 rex
977 3189 1096 3244 sublatus
1117 3198 1196 3257 esset,

96 3264 144 3332 qui
163 3265 309 3314 exercitum
328 3265 419 3330 gravis
443 3271 592 3313 armaturae
610 3261 723 3314 haberet
748 3227 872 3313 mercede
899 3261 931 3314 ad
950 3262 1082 3346 myriades
1101 3277 1197 3314 nume.

94 3342 193 3399 ratum,
213 3351 326 3402 cumque
343 3335 498 3386 Botaniates
527 3332 659 3388 bellicose
679 3341 706 3384 et
733 3334 839 3385 fortiter
858 3335 1003 3385 communis
1020 3334 1199 3386 Rornanorum

96 3406 192 3459 salutis
211 3407 324 3459 studium
339 3406 510 3474 gubernaret,
530 3406 589 3457 sinc
607 3421 704 3457 cruore
727 3406 812 3456 omnis
838 3409 865 3456 et
883 3399 942 3458 sine
958 3401 1044 3466 caede
1062 3405 1198 3473 periectos

97 3486 140 3529 cst
158 3480 262 3542 exitus,
289 3478 326 3528 ita
344 3483 374 3528 ut
397 3494 432 3528 nc
449 3493 530 3529 nasus
558 3477 662 3544 quidem
681 3477 835 3544 cuiusquam
860 3478 992 3560 sauguine
1009 3479 1199 3545 tingueretur·

95 3549 124 3599 id
144 3550 214 3616 quod
234 3549 419 3600 documentum
439 3551 497 3602 eius
516 3548 578 3600 odei
597 3549 640 3599 dei
663 3557 690 3600 et
707 3549 814 3599 divinae
834 3550 976 3600 creationis
1004 3547 1082 3601 huius
1102 3547 1199 3599 certis.

96 3622 191 3671 simum
211 3628 252 3672 eat
271 3627 298 3670 ct
315 3621 428 3671 maxime
447 3621 602 3687 proprium:
623 3620 671 3671 sed
695 3635 787 3687 regem
806 3619 898 3671 habuit
917 3620 959 3672 dei
978 3621 1068 3672 matris
1086 3620 1114 3670 iu
1133 3617 1200 3670 Bla.

97 3691 205 3742 charnis
229 3691 354 3758 templum
384 3693 578 3744 sanctissimum
597 3698 625 3741 et
642 3693 941 3758 servavit‚·postqnam
972 3692 1001 3759 in
1020 3706 1053 3742 eo
1073 3689 1199 3758 capillum

97 3770 126 3812 et
146 3771 267 3814 ornatum
287 3763 424 3828 deposuit:
443 3762 608 3830 logothetam
633 3771 721 3813 autem
741 3763 843 3814 eteius
871 3770 1096 3830 propugnatorem
1113 3762 1199 3814 llari.

96 3834 156 3884 dem
177 3836 221 3900 qui
247 3835 335 3901 magni
357 3835 515 3885 societatum
533 3835 608 3885 ducis
628 3834 757 3885 habuerat
781 3834 909 3897 officium,
929 3833 975 3900 qui
1003 3835 1108 3901 quidem
1125 3835 1200 3886 iussu

95 3904 252 3972 logothetae
285 3920 412 3957 summum
437 3906 590 3974 pontificem
618 3922 634 3957 a
669 3913 760 3956 sancta
790 3920 881 3956 mensa
914 3906 942 3955 iu
970 3919 1015 3957 ara
1052 3905 1199 3972 sapientiae

95 3977 179 4026 divini
207 3976 284 4028 verbi
309 3978 338 4029 vi
357 3978 492 4040 detraxit,
522 3977 597 4028 nulla
625 3978 715 4029 divina
743 3976 834 4027 domus
866 3977 973 4042 excepit
1001 3985 1028 4029 et
1056 3978 1123 4029 texit
1154 3976 1199 4027 in.

95 4054 152 4099 tus:
171 4049 252 4100 veriti
276 4049 346 4100 enim
371 4057 433 4100 sunt
456 4013 585 4099 ac'cedere
611 4057 638 4099 et
661 4048 874 4116 appropinquare
904 4046 976 4113 illis,
1003 4064 1112 4118 quarum
1131 4061 1199 4100 con.
1182 4081 1215 4096 ..

34 4170 40 4176 ,
96 4119 174 4186 fugio
192 4117 279 4173 aliis
271 4117 329 4187 rpsi
348 4119 558 4184 interdixerant,
584 4128 611 4171 et
629 4121 656 4170 in
675 4135 740 4188 quas
766 4117 917 4186 superbiam
940 4127 967 4170 ct
984 4120 1125 4174 dedecus'
1117 4120 1198 4188 rmpia

94 4191 209 4246 audacia
227 4191 389 4246 effoderant:
408 4191 456 4247 sod
476 4205 560 4262 ρηιιοτ
578 4192 754 4247 νεωτάτοισι
784 4191 954 4262 campaneis
972 4193 1198 4250 suorumadoc-
