2834 4750
524 261 731 363 nrsronn.
850 314 854 323 ,
1101 261 1175 346 tn

65 422 320 511 ἀναφερόμενον
342 415 515 507 όντικρυς,
538 466 575 475 -
598 430 691 491 τοῦτο
713 430 882 503 διοπτικαῑς
905 422 1052 511 ἐπιγνούς
1073 448 1177 492 σπου-

65 524 133 607 δήν
154 525 327 609 ἐποιήσατο
357 523 413 607 τήν
443 521 535 589 νόσον
564 527 688 610 ταύτην
716 525 759 600 οός
783 530 827 610 εἰς
849 523 953 608 δεινήν
976 524 1175 591 ἐλαύνουσαν

64 624 276 710 χαλεπότητα
299 628 425 707 στῆσαι,
449 629 504 689 καί
520 623 615 705 νόμον
635 630 822 709 ἀντιστῆσαι
845 626 954 713 ταύτῃ,
978 634 1042 699 τοῖς
1061 624 1179 692 οότωσί

66 726 238 806 πάσχουσι
259 723 378 810 βοηθόν
391 724 445 788 καί
468 723 681 811 συλλήπτορα,
704 725 760 790 καί
772 734 838 801 τοῖς
860 730 1036 807 βασιλικοῖς
1058 720 1176 809 ὖπηρέ.

26 838 54 889 5
68 849 146 898 ταις
170 827 226 887 καί
247 827 353 899 αὐτοῖς
373 828 562 907 βασιλεῦσιν
583 826 746 908 εἰσάγοντα
764 826 822 910 τήν
851 827 949 908 χάριν
973 827 1100 889 δικαίαν
1124 824 1178 889 καί

66 922 217 1005 ἔννομον,
237 928 292 989 καί
313 928 481 1010 φροντίδος
503 924 651 1010 τοιαύτης
674 926 793 1002 αύτούς
815 928 1098 1005 α’παλλάττουσαν,
1124 928 1178 989 καί

67 1022 131 1107 τήν
153 1023 397 1109 εὐγνωμοσύνην
421 1030 476 1090 καί
482 1029 670 1110 ’θεραπείαν
693 1033 922 1113 περιποιοῦσαν
943 1024 1177 1112 άπόρθητοντῷ

66 1125 189 1206 θάρρει
212 1129 270 1189 τοῦ
299 1126 520 1211 φυλάττεσθαι
544 1125 619 1203 τούς
640 1133 698 1192 τοῦ
717 1113 875 1209 βασιλέως
904 1123 1108 1210 θεραπευτάς
1122 1123 1178 1191 καί

64 1221 154 1303 μετά
175 1223 321 1308 τελευτήν
354 1227 456 1289 αὐτοῦ
477 1223 580 1311 πάσης
609 1216 861 1309 δεισιδαιμονίαςΙ
889 1231 1011 1311 α’θιγεῖς
1032 1226 1086 1292 καί
1116 1251 1177 1291 κα-

8 1326 227 1398 ῑοκοπυιίας.
271 1319 347 1387 ὅθεν
369 1323 573 1409 πανταχόθεν
605 1333 650 1415 cpi
671 1322 771 1392 πάθει
793 1327 890 1416 τούτῳ
921 1318 1096 1410 θεραπείαν
1118 1331 1177 1410 θη.

70 1421 228 1507 ρώμενος,
252 1424 370 1508 νεαρὰν
390 1432 582 1505 νομοθεσίαν
601 1430 746 1512 ἐκτίθησι
772 1432 947 1512 πρόρριζον
964 1426 1205 1509 ἒκτόμνουοανί.
1224 1440 1308 1496 tter.

69 1522 104 1588 τό
129 1528 299 1600 κακοθελὲς
320 1531 411 1590 τοῦτο
433 1529 487 1591 καί
508 1529 782 1611 παρανομώτατον
805 1530 1015 1614 ἐπιχείρημα,
1035 1528 1175 1615 φάμενος
1212 1532 1221 1541 ”

70 1620 121 1689 ότι
156 1627 283 1690 πάντων
314 1624 516 1691 άτοπάτατόν
541 1626 624 1692 ε’στιν
652 1631 690 1693 ἵν’
715 1626 825 1709 οἱμὲν
849 1629 1051 1705 δουλεύοντες
1084 1630 1177 1695 ἰδιά-

69 1751 138 1812 ται,
160 1726 316 1811 ἀγροίκοις
340 1725 485 1811 δηλονότι
509 1733 563 1793 καί
587 1735 731 1809 πολίταις
761 1734 816 1795 καί
839 1722 997 1813 όρχουσι,
1018 1722 1101 1822 μετά
1125 1754 1176 1795 τε·
1213 1784 1224 1803 ,-

12 1838 59 1894 15
69 1825 190 1910 λευτήν
210 1828 316 1892 αάτιόν
344 1829 486 1911 λεγάτοις
511 1836 662 1921 τιμῶνται
687 1834 742 1921 καί
762 1834 999 1916 φιδιιιομίσσοις
1025 1830 1177 1916 καίπρε-

69 1931 210 2009 σβείοις,
245 1926 323 2022 ἔνιοι
355 1933 390 1992 δὲ
423 1929 477 1993 καί
507 1936 751 2013 κληρονομίαις,
781 1936 835 1995 καί
864 1932 944 2013 μετά
967 1935 1020 2015 τῆς
1055 1934 1177 1999 τούτων

70 2029 258 2115 προσθήκης
279 2030 378 2113 ἔχωσι
395 2031 451 2094 καί
469 2030 524 2105 τάς
546 2032 629 2105 ἰδίας
651 2030 777 2113 κτήσεις
799 2034 961 2116 α’νωτίρας
983 2030 1097 2109 παντός
1119 2034 1177 2117 ζη-

68 2130 210 2211 τήματος
232 2135 287 2195 καί
309 2130 547 2214 προβλήματος,
571 2128 600 2195 οἱ
623 2135 658 2195 tt
690 2137 753 2197 ταῖν
774 2138 933 2215 βασιλέων
955 2136 1154 2216 θεραπευταί
1167 2184 1176 2218 ,

69 2222 118 2305 οἷς
136 2234 254 2309 μείζων
276 2230 292 2293 ό
313 2231 454 2312 κάματος
480 2236 534 2296 καί
561 2230 596 2296 τό
632 2229 899 2315 ου’τοιιρατορικόν
927 2233 999 2305 δέος
1027 2234 1176 2319 διηνεκῶς

16 2337 288 2417 sauromatem,
319 2331 398 2415 πρός
419 2337 462 2422 cpi
494 2334 549 2398 καί
565 2330 711 2418 τοιαύτης
748 2336 963 2398 ἑπιτελευτίσυ
993 2336 1176 2417 φιλοτιμίας

70 2439 126 2498 καί
146 2438 354 2501 τάν-οἰκείων
383 2436 619 2519 ἀποστερῶνται
641 2435 728 2518 παρά
751 2437 811 2498 τάν
830 2440 999 2514 μετέπειτα
1020 2437 1177 2515 βασιλέων

69 2541 126 2600 καί
147 2538 208 2600 τάν
228 2536 350 2613 τούτοις
373 2529 627 2620 παρατυχόντων,
644 2537 823 2628 ύπηρετοόν,
850 2538 905 2600 καί
931 2535 975 2615 τός
1005 2537 1176 2618 κακοῦργοι

69 2637 126 2701 καί
148 2637 337 2722 προσάντεις
358 2636 510 2714 οῖ’καλιός
533 2632 1042 2722 διακονήσαντεςάπελαύνωνται
1070 2637 1175 2702 οἶκιιόν

86 2881 92 2887 .
142 2800 176 2854 20
196 2798 327 2862 τοιαύτας
346 2801 375 2856 G.
473 2803 516 2855 22.
537 2799 750 2882 περιτυχόντων
768 2801 798 2857 G.

74 2978 174 3031 ponere
193 2963 265 3028 huic,
285 2965 324 3016 sic
342 2961 450 3016 afflictis
472 2963 600 3015 auxilium
622 2972 649 3015 et
667 2963 787 3028 socium,
808 2971 835 3014 et
853 2977 922 3031 quae
941 2963 1026 3031 regiis
1044 2964 1173 3017 ministris

74 3045 101 3087 et
121 3036 186 3103 ipsis
211 3035 321 3102 regibus
346 3037 490 3088 adduceret
515 3036 625 3104 gratiam
650 3037 745 3086 iustam
773 3041 800 3086 et
818 3034 964 3102 legitimam
989 3042 1016 3085 et
1042 3049 1106 3085 cura
1124 3034 1173 3085 tali

75 3122 121 3158 eos
145 3105 273 3158 liberaret
298 3115 325 3159 et
342 3106 441 3158 bouum
461 3108 577 3158 animum
606 3115 632 3157 et
658 3107 824 3158 curationem
855 3107 985 3156 excitaret
1002 3104 1173 3168 inturbatam‚

75 3193 133 3228 cum
152 3178 315 3230 confiderent
329 3187 464 3231 servatum
483 3180 516 3229 iri
530 3179 602 3246 regis
616 3179 751 3240 ministros
763 3177 886 3244 vel-post
904 3175 1005 3227 obitum
1025 3177 1082 3227 eius
1102 3176 1174 3226 omni

75 3250 262 3315 superstitione
289 3252 401 3302 intactos
427 3258 454 3301 et
477 3251 590 3300 iniuria:
617 3250 687 3300 unde
712 3248 811 3316 ubique
837 3248 906 3298 malo
926 3247 989 3298 huic
1009 3247 1184 3298 curationem·

74 3336 173 3373 venans
193 3336 290 3373 novam
309 3323 397 3390 legem
419 3322 481 3384 edit,
505 3337 573 3391 quae
593 3321 720 3371 radicitus
741 3318 876 3373 scinderet
894 3318 1056 3370 malevolum
1075 3316 1127 3368 lucc
1147 3323 1174 3370 et

75 3394 272 3444 iniustissimum
291 3395 435 3460 inceptum,
456 3392 620 3444 contendens
640 3393 755 3442 omnium
775 3391 969 3456 ineptissimum
989 3405 1058 3452 esse,
1078 3402 1172 3440 servos

75 3465 191 3531 privatos
211 3466 356 3532 agrestium
375 3474 402 3516 et
421 3466 520 3517 civium
540 3471 566 3514 et
580 3464 674 3514 ducum
694 3471 755 3529 post
771 3461 872 3512 obitum
893 3476 983 3512 eorum
1002 3459 1099 3528 legatis
1119 3458 1171 3510 ho.

75 3536 161 3586 norari
181 3543 207 3585 ct
224 3536 436 3587 fideicommissis
457 3543 484 3588 et
501 3537 578 3587 donis
600 3534 768 3598 honorariis,
796 3532 941 3584 nonnullos
963 3532 1041 3584 etiam
1060 3530 1171 3582 heredi.

75 3605 169 3658 tatibus
189 3614 294 3656 etcum
321 3606 414 3658 barum
442 3609 599 3658 accessione
624 3606 724 3657 habere
751 3605 829 3656 etiam
849 3605 966 3670 privatas
985 3603 1170 3670 possessiones

76 3677 225 3747 superiores
255 3679 326 3727 omni
346 3679 502 3746 quaestione
525 3686 551 3728 et
569 3679 776 3743 impedimento:
798 3683 891 3726 contra
912 3690 1006 3743 regum
1024 3673 1170 3736 ministros,

76 3749 167 3818 quibus
186 3749 270 3799 maior
288 3747 364 3799 labor
383 3757 409 3799 et
430 3749 599 3814 imperatoris
620 3757 705 3799 metus
724 3755 855 3813 perpetuo
877 3747 960 3810 adsit,
985 3751 1171 3812 praeterquam

77 3822 151 3872 etiam
168 3818 234 3871 talia
252 3820 286 3870 iis
306 3821 462 3886 contingant
479 3820 598 3870 defuncti
618 3819 702 3883 dona,
724 3818 802 3868 etiam
826 3818 881 3868 suis
900 3817 1001 3883 privari
1020 3831 1036 3879 a
1055 3814 1170 3882 pesteris
1213 3821 1221 3842 ‘

76 3892 180 3960 regibus
198 3899 278 3959 atque
297 3906 388 3941 eorum
406 3890 544 3954 ministris,
564 3898 644 3956 atque
663 3897 692 3939 ut
721 3887 857 3939 maleficis
877 3896 904 3938 et
924 3887 1092 3938 adversarios
1112 3900 1168 3950 eos,

77 3965 119 4029 qui
137 3963 248 4030 pulchre
267 3963 442 4024 serviissent,
466 3960 566 4026 expelli
588 3960 707 4011 domibus
730 3966 756 4008 et
775 3958 900 4009 urbibus:
929 3965 1072 4024 propterea
1090 3959 1171 4010 etiam

77 4034 159 4100 legem
187 4036 219 4086 de
238 4035 271 4085 iis
290 4034 412 4099 scripsit,
440 4048 508 4100 quae
527 4030 608 4082 talem
632 4030 771 4081 avaritiam
802 4037 829 4080 et
844 4029 1003 4095 pravitatem
1019 4029 1168 4096 impediret,

77 4112 105 4153 ut
121 4105 151 4155 acl
169 4121 259 4157 omnes
280 4106 371 4173 regios
397 4103 520 4155 homines
538 4110 689 4168 serpentem
716 4109 743 4150 et
767 4114 846 4167 reges
870 4100 1000 4151 servitute
1019 4101 1169 4167 privantem

78 4174 244 4245 plurimorum
264 4187 291 4229 et
308 4177 440 4229 bonorum
457 4177 593 4239 virorum,
618 4189 677 4224 cum
695 4173 821 4224 timerent
839 4170 961 4225 acerbam
981 4179 1007 4226 et
1020 4171 1172 4226 violentam
