2834 4750
529 277 736 348 ursroars.
986 304 997 322 ·
1099 266 1175 354 'rot

41 441 138 528 γυνὴ
164 446 219 536 τῷ
241 441 366 534 κάστριρ
394 447 450 529 τῆς
474 450 669 532 Μεταβολῆς
696 449 977 564 ἐμηιλοχωροῦσα,
999 447 1055 512 κατ’
1074 444 1176 512 πλοό-

43 569 112 610 του
138 542 268 621 ἱκανάς
289 543 430 629 ἔχουσα,
463 545 703 632 προεξωνὴσατο
724 546 780 611 τόν
800 544 881 610 ἴδιον
903 539 1005 667 ἄνδρα
1030 574 1082 613 και
1109 551 1176 631 οἷμ·

46 652 220 730 φοτέρων
244 673 307 712 των
328 650 456 731 ἐχθροῖν
479 644 707 733 ε’λυτριόσατο,
737 649 851 714 τούτου
873 651 932 729 μὲν
956 649 984 712 οἱ
1009 656 1175 736 πεμφθέν-

39 771 109 824 τες,
126 752 169 814 ἐκ
195 752 355 830 βασιλέως
378 748 547 833 ἀπέτυχον,
571 747 625 812 τόν
648 752 683 814 ti
707 752 862 832 Καίσαρα
890 746 987 829 μόνον
1018 739 1197 835 ἐξωνησό-
1219 815 1222 819 J

14 863 153 929 5μενοι
172 852 334 933 ἐπανῆγον
354 851 400 926 είς
416 847 473 933 την
486 852 639 967 βασιλίδα
659 855 722 915 τεόν
742 851 874 915 πόλεων.
918 853 952 914 ἐν
974 853 1010 914 δὲ
1033 854 1070 937 τῇ
1087 857 1177 934 Προ-

45 952 194 1015 ποντίθι
216 955 392 1069 γενομένων
416 951 522 1014 ου’τιόν
542 945 772 1071 εόλαβηθεις“
756 976 772 1014 ο
798 948 970 1034 Kaiuup'
951 976 1038 1032 ισως,
1061 951 1112 1014 ἵνα
1133 949 1176 1035 μη“

33 1052 93 1125 τός
115 1052 316 1134 ·ἀποστάτης
344 1054 553 1138 καταγνωσθῇ
574 1049 629 1115 καί
650 1043 791 1126 όποπτος
820 1048 854 1116 τό
859 1050 942 1148 dno*
976 1054 1070 1117 τοῦδε
1098 1077 1177 1136 τυγ-
1157 1053 1304 1138 ..i208m
1393 1070 1396 1077 ’

45 1152 142 1239 χάνῃ
169 1151 230 1215 καί
252 1154 512 1234 περιεσκεμμένος
535 1144 555 1235 ἢ
578 1149 633 1214 καί
654 1115 880 1235 ἀπόβλητος,
889 1154 946 1216 ου’κ
971 1150 1074 1236 ἔκρινε
1091 1155 1174 1233 μετὰ

47 1255 224 1335 κοσμικῆς
245 1254 300 1335 τῆς
325 1249 533 1335 περιβολῆς’
520 1254 684 1336 επιστῆναι
718 1253 760 1339 τῷ
795 1255 918 1340 α’νειγιρ]
946 1259 1001 1318 καί
1026 1260 1175 1337 βασιλεῖ,

18 1351 145 1418 odilo}
165 1349 228 1435 τὴν
244 1349 396 1435 κοσμικὴν
417 1351 655 1434 (ἐπιβαλόμενος
672 1355 779 1433 τρίχα,
799 1357 1013 1433 μεταθέμενος
1034 1358 1079 1427 εἰς
1101 1353 1175 1431 νοός

48 1451 243 1537 μοναχοός,
266 1444 364 1526 οότως
386 1454 419 1516 ἐν
442 1454 566 1516 ευ’τελεῑ’
583 1455 627 1538 τῷ
648 1450 791 1536 σχήματι
813 1462 876 1527 τοῖς
897 1458 1072 1535 βασιλείοις
1106 1460 1177 1521 ἐνί-

30 1561 167 1637 μιξεν.
217 1551 307 1617 ὁπότε
335 1578 387 1617 και
410 1561 475 1630 τοῖς
501 1553 681 1629 εόσυνέτοις
703 1551 841 1637 α’νόράσι
863 1553 1026 1638 θάμβος’
1011 1554 1110 1674 supper
1123 1582 1176 1623 και

51 1653 238 1740 ἔκπληξις·
283 1652 435 1737 περὶγὰρ
460 1680 522 1718 των
552 1651 776 1739 α’φρονοόντων
805 1659 861 1719 καί
885 1652 924 1720 τά
964 1660 1098 1722 τοιαῦτα
1127 1657 1173 1742 μη

56 1754 303 1840 διακρινόντων
326 1755 416 1839 λόγος
441 1754 557 1830 oddara.

10 1869 42 1922 ib
169 1854 276 1942 Ἐπῄει
299 1848 356 1919 οόν
377 1855 502 1937 θάμβος
528 1865 593 1933 τοις
615 1849 699 1934 ὅπως
716 1881 746 1924 οι
738 1856 965 1940 ’Ῥωμαιων’
944 1882 1078 1942 αρχηγοι
1092 1858 1174 1939 μετά

53 1957 229 2044 τοσαότης
250 1959 459 2042 περιφανειας
477 1982 530 2021 και
558 1955 773 2080 λαμπρότητος
800 1984 879 2023 κατα
906 1983 971 2022 των
1003 1957 1176 2076 ὁμοφύλων
1225 2041 1230 2047 1

56 2058 360 2140 ἐπιστρατεύοντες,
395 2051 493 2133 οότως
516 2056 635 2138 άτίμως
658 2083 709 2120 και
735 2059 854 2142 γοεράς
882 2083 934 2122 και
956 2058 1038 2139 μετά
1068 2051 1177 2124 τοιαό-

57 2183 121 2245 της
147 2158 311 2232 εὖτελειας
336 2181 388 2222 και
384 2149 596 2236 δυσθυμίας
617 2160 804 2242 πεποίηνται
826 2157 886 2241 την
912 2156 1127 2239 ἐπάνοδον,’
1105 2185 1175 2229 αντι

57 2264 125 2324 τοῦ
146 2263 226 2342 πρὶν
248 2262 438 2335 τελουμένου
462 2265 528 2332 τοῖς
550 2257 649 2322 πάλαι
664 2256 835 2339 Ῥωμαίοις
859 2262 1008 2343 λαμπροῦ
1029 2259 1085 2324 καί
1102 2284 1177 2325 στε-

12 2357 267 2447 2θφανηφόρου
290 2360 453 2444 θριάμβου
486 2362 717 2443 καταγέλαστον
742 2357 928 2442 κατάγοντες
948 2363 1003 2424 κατ’
1023 2386 1176 2427 πανευτε-

59 2465 216 2526 λε’στατον
237 2464 389 2543 θέατρον,
422 2484 480 2545 την
507 2452 602 2543 ἧτταν
635 2460 674 2523 od
709 2484 772 2524 των
803 2462 1050 2543 συστρατιωτῶν
1079 2462 1175 2544 μόνω

61 2560 150 2627 α’λλά
176 2561 229 2627 κατ’
250 2562 305 2647 τὴν
328 2585 452 2629 εαυτων
480 2559 695 2625 κακοπάθειαν
717 2586 769 2625 και
801 2564 1034 2645 σκληροτυχίαν
1056 2560 1174 2647 όδυνη-

62 2688 131 2747 ρως
156 2665 416 2751 θριαμβεύοντος
468 2663 499 2727 τί
518 2668 633 2727 τούτου
655 2666 764 2746 γένοιτ
794 2654 833 2727 όν
856 2659 1080 2748 θιαδηλότερον
1100 2668 1174 2728 θεο-

141 2844 186 2898 10.
206 2840 483 2916 ιλιτοβαλλόμενοεῦ.
571 2842 612 2895 15.
633 2839 751 2903 adron?
769 2857 803 2895 un
822 2850 882 2902 τοῖς
899 2841 1138 2919 προειρημένοιςλ

64 2991 239 3056 versabatur,
258 2997 285 3042 et
303 2990 454 3044 divitiarum
473 2989 537 3043 satis
549 2986 674 3053 babebat,
693 2995 770 3039 antea
789 2989 840 3038 iam
859 2988 1017 3041 redemisset
1033 3006 1109 3041 sunm
1127 2991 1172 3042 vi.

62 3079 124 3114 rum
157 3069 184 3114 ct
213 3062 332 3130 utrisque
357 3048 471 3113 inimicis
497 3060 639 3125 solvisset,
665 3058 735 3110 hunc
754 3059 876 3126 quidem,
907 3061 952 3126 qui
970 3061 1044 3112 missi
1063 3068 1174 3113 eranta

64 3150 155 3203 rege,
174 3150 229 3185 non
249 3141 310 3184 sunt
336 3134 417 3196 nacti,
439 3133 578 3187 Gaesarem
600 3139 686 3183 autem
712 3129 797 3182 solum
822 3129 992 3181 redemerunt
1011 3139 1038 3181 et
1055 3132 1173 3183 reduxe-

68 3215 134 3258 runt
156 3205 184 3255 in
202 3204 293 3255 urbem
314 3204 463 3271 capitalem.
501 3218 613 3271 cumque
633 3202 662 3251 in
681 3200 844 3268 Propontide
864 3210 962 3265 essent,
983 3202 1085 3254 veritus
1102 3202 1173 3256 Gae-

67 3292 122 3340 sar,
143 3290 179 3326 ne
197 3276 266 3327 sorte
285 3283 407 3344 tanquam
427 3283 546 3342 apostata
566 3275 734 3325 damnaretur
753 3280 780 3323 ct
812 3280 951 3355 suspectus
980 3280 1073 3338 postea
1096 3273 1175 3325 lieret

69 3356 97 3398 et
117 3349 218 3399 vitatus
238 3355 264 3398 et
284 3347 414 3410 deiectus,
430 3346 543 3397 nolebat
563 3361 620 3396 cum
639 3344 736 3395 amictu
754 3344 854 3411 insigni
875 3343 979 3395 adstare
1005 3353 1119 3411 cognato
1147 3351 1174 3395 et

66 3419 142 3485 regi,
161 3418 316 3486 sedinsigni
336 3418 458 3484 deposito
478 3419 551 3469 crine
572 3425 754 3483 transgressus
774 3414 807 3466 ad
824 3414 969 3467 monachos
989 3416 1050 3465 ita
1043 3432 1071 3466 ιν
1090 3415 1173 3466 forma

68 3490 121 3541 vili
135 3490 235 3555 regiam
249 3490 345 3541 subiit:
365 3489 469 3557 quando
487 3490 564 3540 etiam
579 3486 754 3555 prudentibus
770 3487 836 3539 viris
855 3495 947 3553 stupor
966 3486 1056 3537 obibat
1069 3495 1096 3546 et
1107 3502 1173 3553 per-

68 3560 204 3611 turbatio.
225 3575 284 3611 nam
305 3559 337 3611 de
356 3559 565 3626 imprudentibus
586 3567 612 3610 et
631 3560 676 3626 qui
696 3556 761 3609 talia
777 3573 832 3610 non
851 3558 1005 3622 diiudicant,
1022 3557 1114 3639 nullus
1133 3565 1174 3610 est

68 3646 169 3684 sermo.
323 3667 325 3677 ,

172 3701 268 3757 0bibat
287 3717 352 3772 ergo
371 3709 464 3768 stupor
481 3701 533 3765 his,
553 3702 622 3769 quod
638 3700 800 3755 Graecorum
809 3701 890 3753 duces
908 3716 967 3752 cum
986 3708 1059 3752 tanto
1078 3700 1172 3768 splen.

70 3776 183 3827 dorcet
209 3775 324 3827 candore
352 3780 445 3825 contra
470 3780 601 3855 cognatos
626 3772 784 3838 bellantes,
813 3780 865 3823 tarn
886 3773 999 3839 turpiter
1026 3779 1052 3823 et
1075 3774 1172 3825 misere

71 3854 98 3897 et
116 3846 164 3897 tali
185 3862 242 3897 cum
263 3844 368 3897 vilitate
389 3850 415 3895 et
433 3844 513 3895 animi
533 3843 683 3895 abiectione
703 3851 776 3896 retro
796 3845 884 3895 ierunt
899 3858 947 3910 pro
967 3851 1045 3895 antea
1063 3853 1171 3911 peracto

71 3932 86 3967 a
108 3918 206 3985 priscis
226 3916 334 3969 Graecis
354 3914 493 3981 splendido
514 3922 540 3965 ct
560 3922 686 3964 coronato
706 3914 838 3980 triumpho
858 3914 997 3965 ridiculum
1010 3914 1172 3971 deducentes

71 3996 97 4039 et
118 3988 274 4040 vilissimum
291 3986 482 4053 spectaculum,
501 3986 535 4037 de
557 3983 632 4035 clade
652 4000 707 4036 non
726 3984 891 4052 collegarum
908 3985 1061 4038 militarium
1085 3988 1172 4040 solum

70 4060 117 4110 sed
141 4061 219 4111 etiam
246 4059 279 4110 de
310 4072 358 4111 sua
387 4058 492 4109 lortuna
528 4065 554 4108 et
584 4056 734 4107 calamitate
761 4055 826 4107 dura
852 4057 950 4108 misere
969 4057 1169 4126 triumphantes.

71 4130 134 4197 quid
152 4131 203 4183 bac
223 4146 253 4181 re
272 4137 361 4198 potest
381 4144 440 4181 usse
455 4125 554 4179 clarius
572 4128 668 4179 mentis
690 4126 822 4179 alienatae
845 4128 1057 4181 documentum?
1076 4148 1171 4200 quam-

70 4200 162 4253 obrem
183 4204 262 4253 etiam
281 4202 418 4253 admiratio
438 4215 480 4251 me
500 4200 631 4263 incessit,
659 4198 792 4268 quomodo
812 4198 971 4252 Graecorum
989 4216 1084 4270 reges,
1110 4216 1171 4264 cnm

121 4298 201 4352 utet.
219 4295 302 4349 auat.
324 4296 390 4351 Hiar.
943 4297 974 4348 13
