<?xml version="1.0" encoding="UTF-8"?>
<!DOCTYPE html PUBLIC "-//W3C//DTD XHTML 1.0 Transitional//EN"
    "http://www.w3.org/TR/xhtml1/DTD/xhtml1-transitional.dtd">
<html xmlns="http://www.w3.org/1999/xhtml" xml:lang="en" lang="en">
 <head>
  <title>
</title>
<meta http-equiv="Content-Type" content="text/html;charset=utf-8" />
  <meta name='ocr-system' content='tesseract 3.04.00' />
  <meta name='ocr-capabilities' content='ocr_page ocr_carea ocr_par ocr_line ocrx_word'/>
</head>
<body>
  <div class='ocr_page' id='page_1' title='image "./corpusscriptoru24theogoog_0241.png"; bbox 0 0 2834 4750; ppageno 0'>
   <div class='ocr_carea' id='block_1_1' title="bbox 512 209 1181 363">
    <p class='ocr_par' dir='ltr' id='par_1_1' title="bbox 512 209 1181 363">
     <span class='ocr_line' id='line_1_1' title="bbox 512 209 1181 363; baseline 0.007 -27"><span class='ocrx_word' id='word_1_1' title='bbox 512 209 728 336; x_wconf 50' lang='lat' dir='ltr'><strong>‘unroma</strong></span> <span class='ocrx_word' id='word_1_2' title='bbox 872 285 876 288; x_wconf 93' lang='lat'>·</span> <span class='ocrx_word' id='word_1_3' title='bbox 1066 264 1181 363; x_wconf 32' lang='lat' dir='ltr'><strong>,aot</strong></span> 
     </span>
    </p>
   </div>
   <div class='ocr_carea' id='block_1_2' title="bbox 11 428 1302 2763">
    <p class='ocr_par' dir='ltr' id='par_1_2' title="bbox 11 428 1302 2740">
     <span class='ocr_line' id='line_1_2' title="bbox 59 428 1180 523; baseline 0.002 -23"><span class='ocrx_word' id='word_1_4' title='bbox 59 433 229 520; x_wconf 85' lang='grc' dir='ltr'><strong><em>πρότερον</em></strong></span> <span class='ocrx_word' id='word_1_5' title='bbox 260 431 311 500; x_wconf 81' lang='grc' dir='ltr'><strong><em>τὸν</em></strong></span> <span class='ocrx_word' id='word_1_6' title='bbox 342 435 496 500; x_wconf 79' lang='grc' dir='ltr'><strong><em>Σκυθικὸν</em></strong></span> <span class='ocrx_word' id='word_1_7' title='bbox 519 439 707 522; x_wconf 75' lang='grc' dir='ltr'><strong><em>ἐπιφέρουσι</em></strong></span> <span class='ocrx_word' id='word_1_8' title='bbox 728 442 809 518; x_wconf 89' lang='grc' dir='ltr'><strong><em>βίον.</em></strong></span> <span class='ocrx_word' id='word_1_9' title='bbox 859 441 936 521; x_wconf 81' lang='grc' dir='ltr'><strong><em>παρ’</em></strong></span> <span class='ocrx_word' id='word_1_10' title='bbox 958 430 1004 503; x_wconf 72' lang='grc' dir='ltr'><strong>ὧν</strong></span> <span class='ocrx_word' id='word_1_11' title='bbox 1024 428 1180 523; x_wconf 70' lang='grc' dir='ltr'><strong><em>καταλιμ-</em></strong></span> 
     </span>
     <span class='ocr_line' id='line_1_3' title="bbox 61 533 1176 620; baseline 0.004 -23"><span class='ocrx_word' id='word_1_12' title='bbox 61 536 220 616; x_wconf 80' lang='grc' dir='ltr'><strong><em>ζόμεναι,</em></strong></span> <span class='ocrx_word' id='word_1_13' title='bbox 243 533 370 610; x_wconf 75' lang='grc' dir='ltr'><strong><em>καὶτὰς</em></strong></span> <span class='ocrx_word' id='word_1_14' title='bbox 393 536 427 596; x_wconf 83' lang='grc' dir='ltr'><strong>ἑκ</strong></span> <span class='ocrx_word' id='word_1_15' title='bbox 449 539 510 600; x_wconf 74' lang='grc' dir='ltr'><strong><em>τῶν</em></strong></span> <span class='ocrx_word' id='word_1_16' title='bbox 538 538 712 616; x_wconf 77' lang='grc' dir='ltr'><strong><em>βασιλικῶν</em></strong></span> <span class='ocrx_word' id='word_1_17' title='bbox 741 536 881 617; x_wconf 86' lang='grc' dir='ltr'><strong><em>ταμείων</em></strong></span> <span class='ocrx_word' id='word_1_18' title='bbox 904 537 1176 620; x_wconf 81' lang='grc' dir='ltr'><strong><em>α’ποστελλομένας</em></strong></span> 
     </span>
     <span class='ocr_line' id='line_1_4' title="bbox 60 635 1179 760; baseline 0.004 -60"><span class='ocrx_word' id='word_1_19' title='bbox 60 637 205 720; x_wconf 78' lang='grc' dir='ltr'><strong><em>ἔτησίως</em></strong></span> <span class='ocrx_word' id='word_1_20' title='bbox 220 635 409 752; x_wconf 85' lang='grc' dir='ltr'><strong><em>φιλοτιμίας</em></strong></span> <span class='ocrx_word' id='word_1_21' title='bbox 433 637 557 722; x_wconf 81' lang='grc' dir='ltr'><strong><em>σπουδῇ</em></strong></span> <span class='ocrx_word' id='word_1_22' title='bbox 575 660 630 699; x_wconf 90' lang='grc' dir='ltr'><strong><em>του</em></strong></span> <span class='ocrx_word' id='word_1_23' title='bbox 619 636 835 736; x_wconf 86' lang='grc' dir='ltr'><strong><em>Νικηφόρον</em></strong></span> <span class='ocrx_word' id='word_1_24' title='bbox 852 635 1097 760; x_wconf 81' lang='grc' dir='ltr'><strong><em>περτεκόπτοντο.</em></strong></span> <span class='ocrx_word' id='word_1_25' title='bbox 1123 635 1179 704; x_wconf 86' lang='grc' dir='ltr'><strong>καί</strong></span> 
     </span>
     <span class='ocr_line' id='line_1_5' title="bbox 61 734 1177 813; baseline 0.004 -14"><span class='ocrx_word' id='word_1_26' title='bbox 61 761 152 802; x_wconf 84' lang='grc' dir='ltr'><strong><em>κατα</em></strong></span> <span class='ocrx_word' id='word_1_27' title='bbox 176 735 269 800; x_wconf 78' lang='grc' dir='ltr'><strong><em>τοῦτό</em></strong></span> <span class='ocrx_word' id='word_1_28' title='bbox 291 759 372 809; x_wconf 85' lang='grc' dir='ltr'><strong><em>τινες</em></strong></span> <span class='ocrx_word' id='word_1_29' title='bbox 394 739 455 800; x_wconf 75' lang='grc' dir='ltr'><strong><em>τῶν</em></strong></span> <span class='ocrx_word' id='word_1_30' title='bbox 478 734 630 802; x_wconf 79' lang='grc' dir='ltr'><strong><em>τοιούτων</em></strong></span> <span class='ocrx_word' id='word_1_31' title='bbox 661 737 780 802; x_wconf 82' lang='grc' dir='ltr'><strong><em>πόλεων</em></strong></span> <span class='ocrx_word' id='word_1_32' title='bbox 809 739 854 813; x_wconf 82' lang='grc' dir='ltr'><strong>εἷς</strong></span> <span class='ocrx_word' id='word_1_33' title='bbox 878 737 1073 804; x_wconf 76' lang='grc' dir='ltr'><strong><em>ἀποστασίαν</em></strong></span> <span class='ocrx_word' id='word_1_34' title='bbox 1095 742 1177 803; x_wconf 72' lang='lat' dir='ltr'><strong>siud-</strong></span> 
     </span>
     <span class='ocr_line' id='line_1_6' title="bbox 14 834 1177 922; baseline 0.003 -23"><span class='ocrx_word' id='word_1_35' title='bbox 14 857 45 907; x_wconf 87' lang='lat'>5</span> <span class='ocrx_word' id='word_1_36' title='bbox 59 841 198 919; x_wconf 82' lang='grc' dir='ltr'><strong><em>βλεψαν</em></strong></span> <span class='ocrx_word' id='word_1_37' title='bbox 216 835 271 899; x_wconf 83' lang='grc' dir='ltr'><strong>καί</strong></span> <span class='ocrx_word' id='word_1_38' title='bbox 290 860 335 912; x_wconf 83' lang='grc' dir='ltr'><strong>τις</strong></span> <span class='ocrx_word' id='word_1_39' title='bbox 354 839 389 900; x_wconf 84' lang='grc' dir='ltr'><strong><em>τὸ</em></strong></span> <span class='ocrx_word' id='word_1_40' title='bbox 416 834 506 911; x_wconf 74' lang='grc' dir='ltr'><strong><em>ἔθνος</em></strong></span> <span class='ocrx_word' id='word_1_41' title='bbox 529 841 590 901; x_wconf 69' lang='grc' dir='ltr'><strong><em>τοῖν</em></strong></span> <span class='ocrx_word' id='word_1_42' title='bbox 615 835 831 916; x_wconf 79' lang='grc' dir='ltr'><strong><em>Πατζινάκων</em></strong></span> <span class='ocrx_word' id='word_1_43' title='bbox 852 839 1077 922; x_wconf 74' lang='grc' dir='ltr'><strong><em>παρήγγελλον.</em></strong></span> <span class='ocrx_word' id='word_1_44' title='bbox 1101 862 1177 904; x_wconf 79' lang='grc' dir='ltr'><strong><em>σκε-</em></strong></span> 
     </span>
     <span class='ocr_line' id='line_1_7' title="bbox 57 923 1177 1025; baseline 0.004 -25"><span class='ocrx_word' id='word_1_45' title='bbox 57 935 210 1020; x_wconf 76' lang='grc' dir='ltr'><strong><em>ψάμενοι</em></strong></span> <span class='ocrx_word' id='word_1_46' title='bbox 227 937 255 1000; x_wconf 84' lang='lat' dir='ltr'><strong>d’</strong></span> <span class='ocrx_word' id='word_1_47' title='bbox 279 937 307 1001; x_wconf 84' lang='grc' dir='ltr'><strong>οἱ</strong></span> <span class='ocrx_word' id='word_1_48' title='bbox 329 937 402 1018; x_wconf 82' lang='grc' dir='ltr'><strong><em>περί</em></strong></span> <span class='ocrx_word' id='word_1_49' title='bbox 422 935 475 1002; x_wconf 84' lang='grc' dir='ltr'><strong><em>τὸν</em></strong></span> <span class='ocrx_word' id='word_1_50' title='bbox 497 941 632 1019; x_wconf 87' lang='grc' dir='ltr'><strong><em>βασιλέα</em></strong></span> <span class='ocrx_word' id='word_1_51' title='bbox 655 938 819 1025; x_wconf 79' lang='grc' dir='ltr'><strong><em>σατράπην</em></strong></span> <span class='ocrx_word' id='word_1_52' title='bbox 835 947 959 1004; x_wconf 78' lang='grc' dir='ltr'><strong><em>στεῖλαι</em></strong></span> <span class='ocrx_word' id='word_1_53' title='bbox 980 944 1044 1004; x_wconf 75' lang='grc' dir='ltr'><strong><em>ταῖν</em></strong></span> <span class='ocrx_word' id='word_1_54' title='bbox 1065 923 1177 1006; x_wconf 78' lang='grc' dir='ltr'><strong><em>οἰκειο-</em></strong></span> 
     </span>
     <span class='ocr_line' id='line_1_8' title="bbox 58 1027 1178 1126; baseline 0 -24"><span class='ocrx_word' id='word_1_55' title='bbox 58 1036 177 1102; x_wconf 81' lang='grc' dir='ltr'><strong><em>τάτων</em></strong></span> <span class='ocrx_word' id='word_1_56' title='bbox 202 1039 312 1126; x_wconf 75' lang='lat' dir='ltr'><strong>crispi,</strong></span> <span class='ocrx_word' id='word_1_57' title='bbox 343 1027 482 1119; x_wconf 79' lang='grc' dir='ltr'><strong><em>ἔγνωσαν</em></strong></span> <span class='ocrx_word' id='word_1_58' title='bbox 504 1037 665 1102; x_wconf 84' lang='grc' dir='ltr'><strong><em>κατεπάνω</em></strong></span> <span class='ocrx_word' id='word_1_59' title='bbox 698 1043 753 1123; x_wconf 84' lang='grc' dir='ltr'><strong><em>τῆς</em></strong></span> <span class='ocrx_word' id='word_1_60' title='bbox 774 1039 936 1123; x_wconf 89' lang='grc' dir='ltr'><strong><em>Δρίστρας</em></strong></span> <span class='ocrx_word' id='word_1_61' title='bbox 953 1042 1178 1124; x_wconf 78' lang='grc' dir='ltr'><strong><em>χειροτονῆσαι</em></strong></span> 
     </span>
     <span class='ocr_line' id='line_1_9' title="bbox 60 1136 1177 1226; baseline 0.002 -22"><span class='ocrx_word' id='word_1_62' title='bbox 60 1136 219 1223; x_wconf 76' lang='grc' dir='ltr'><strong><em>Νέστορᾷ</em></strong></span> <span class='ocrx_word' id='word_1_63' title='bbox 240 1163 309 1202; x_wconf 90' lang='grc' dir='ltr'><strong><em>τινα</em></strong></span> <span class='ocrx_word' id='word_1_64' title='bbox 334 1141 377 1226; x_wconf 77' lang='grc' dir='ltr'><strong><em>τῷ</em></strong></span> <span class='ocrx_word' id='word_1_65' title='bbox 397 1142 460 1203; x_wconf 83' lang='grc' dir='ltr'><strong><em>τιόν</em></strong></span> <span class='ocrx_word' id='word_1_66' title='bbox 481 1143 670 1221; x_wconf 77' lang='grc' dir='ltr'><strong><em>βεσταρχαῖν</em></strong></span> <span class='ocrx_word' id='word_1_67' title='bbox 697 1143 757 1221; x_wconf 85' lang='grc' dir='ltr'><strong>μὲν</strong></span> <span class='ocrx_word' id='word_1_68' title='bbox 781 1139 940 1221; x_wconf 83' lang='grc' dir='ltr'><strong><em>οἷξιιόματι</em></strong></span> <span class='ocrx_word' id='word_1_69' title='bbox 959 1142 1177 1226; x_wconf 74' lang='grc' dir='ltr'><strong><em>τετιμημένον,</em></strong></span> 
     </span>
     <span class='ocr_line' id='line_1_10' title="bbox 61 1237 1176 1330; baseline -0.001 -25"><span class='ocrx_word' id='word_1_70' title='bbox 61 1239 134 1305; x_wconf 73' lang='lat' dir='ltr'><strong>sini</strong></span> <span class='ocrx_word' id='word_1_71' title='bbox 154 1243 316 1323; x_wconf 74' lang='grc' dir='ltr'><strong><em>Ἱλλυριῶν</em></strong></span> <span class='ocrx_word' id='word_1_72' title='bbox 347 1241 382 1302; x_wconf 81' lang='lat' dir='ltr'><strong>dd</strong></span> <span class='ocrx_word' id='word_1_73' title='bbox 410 1237 445 1303; x_wconf 86' lang='grc' dir='ltr'><strong><em>τὸ</em></strong></span> <span class='ocrx_word' id='word_1_74' title='bbox 471 1242 556 1324; x_wconf 78' lang='grc' dir='ltr'><strong><em>χένος</em></strong></span> <span class='ocrx_word' id='word_1_75' title='bbox 581 1241 713 1306; x_wconf 74' lang='grc' dir='ltr'><strong><em>ἕλκοντα</em></strong></span> <span class='ocrx_word' id='word_1_76' title='bbox 741 1241 796 1304; x_wconf 82' lang='grc' dir='ltr'><strong>καί</strong></span> <span class='ocrx_word' id='word_1_77' title='bbox 818 1243 931 1306; x_wconf 80' lang='grc' dir='ltr'><strong><em>δοῦλον</em></strong></span> <span class='ocrx_word' id='word_1_78' title='bbox 952 1243 1098 1330; x_wconf 79' lang='grc' dir='ltr'><strong><em>πατρῷον</em></strong></span> <span class='ocrx_word' id='word_1_79' title='bbox 1120 1265 1176 1323; x_wconf 80' lang='grc' dir='ltr'><strong>γε-</strong></span> 
     </span>
     <span class='ocr_line' id='line_1_11' title="bbox 11 1333 1173 1430; baseline -0.002 -26"><span class='ocrx_word' id='word_1_80' title='bbox 11 1354 50 1408; x_wconf 89' lang='grc'><strong>.0</strong></span> <span class='ocrx_word' id='word_1_81' title='bbox 62 1338 187 1424; x_wconf 73' lang='grc' dir='ltr'><strong><em>μονότα</em></strong></span> <span class='ocrx_word' id='word_1_82' title='bbox 212 1343 266 1404; x_wconf 83' lang='grc' dir='ltr'><strong><em>τοῦ</em></strong></span> <span class='ocrx_word' id='word_1_83' title='bbox 288 1339 520 1420; x_wconf 70' lang='grc' dir='ltr'><strong><em>βασιλεύοντος.</em></strong></span> <span class='ocrx_word' id='word_1_84' title='bbox 565 1333 600 1404; x_wconf 74' lang='grc' dir='ltr'><strong>ὃν</strong></span> <span class='ocrx_word' id='word_1_85' title='bbox 622 1343 677 1404; x_wconf 77' lang='grc' dir='ltr'><strong><em>κατ’</em></strong></span> <span class='ocrx_word' id='word_1_86' title='bbox 698 1345 745 1428; x_wconf 78' lang='grc' dir='ltr'><strong><em>τῇ·</em></strong></span> <span class='ocrx_word' id='word_1_87' title='bbox 760 1343 898 1430; x_wconf 79' lang='grc' dir='ltr'><strong><em>τοσαύτῃ</em></strong></span> <span class='ocrx_word' id='word_1_88' title='bbox 918 1340 1053 1426; x_wconf 73' lang='grc' dir='ltr'><strong><em>τιμήσας</em></strong></span> <span class='ocrx_word' id='word_1_89' title='bbox 1077 1340 1094 1405; x_wconf 80' lang='grc' dir='ltr'>ὅ</span> <span class='ocrx_word' id='word_1_90' title='bbox 1118 1368 1173 1422; x_wconf 89' lang='grc' dir='ltr'><strong><em>τη.</em></strong></span> 
     </span>
     <span class='ocr_line' id='line_1_12' title="bbox 64 1440 1174 1528; baseline 0.003 -23"><span class='ocrx_word' id='word_1_91' title='bbox 64 1443 205 1506; x_wconf 83' lang='grc' dir='ltr'><strong><em>νικαῦτα</em></strong></span> <span class='ocrx_word' id='word_1_92' title='bbox 226 1443 350 1524; x_wconf 82' lang='grc' dir='ltr'><strong><em>κρατῶν</em></strong></span> <span class='ocrx_word' id='word_1_93' title='bbox 386 1440 489 1525; x_wconf 77' lang='grc' dir='ltr'><strong><em>α’ρχῇ,</em></strong></span> <span class='ocrx_word' id='word_1_94' title='bbox 511 1442 718 1524; x_wconf 27' lang='grc' dir='ltr'><strong><em>,ἐξαπέστειλε</em></strong></span> <span class='ocrx_word' id='word_1_95' title='bbox 747 1440 825 1522; x_wconf 77' lang='grc' dir='ltr'><strong><em>μετα</em></strong></span> <span class='ocrx_word' id='word_1_96' title='bbox 856 1449 949 1507; x_wconf 79' lang='grc' dir='ltr'><strong><em>τινῶν</em></strong></span> <span class='ocrx_word' id='word_1_97' title='bbox 968 1447 1174 1528; x_wconf 80' lang='grc' dir='ltr'><strong><em>Δριστρηνοόν</em></strong></span> 
     </span>
     <span class='ocr_line' id='line_1_13' title="bbox 66 1539 1175 1627; baseline 0.004 -21"><span class='ocrx_word' id='word_1_98' title='bbox 66 1541 337 1624; x_wconf 68' lang='grc' dir='ltr'><strong><em>ὑπισχνουμένων</em></strong></span> <span class='ocrx_word' id='word_1_99' title='bbox 358 1543 399 1626; x_wconf 75' lang='grc' dir='ltr'><strong><em>τῷ</em></strong></span> <span class='ocrx_word' id='word_1_100' title='bbox 417 1545 549 1622; x_wconf 79' lang='grc' dir='ltr'><strong><em>βασιλεῖ</em></strong></span> <span class='ocrx_word' id='word_1_101' title='bbox 568 1539 623 1625; x_wconf 76' lang='grc' dir='ltr'><strong><em>την</em></strong></span> <span class='ocrx_word' id='word_1_102' title='bbox 645 1545 689 1619; x_wconf 79' lang='grc' dir='ltr'><strong>εἰς</strong></span> <span class='ocrx_word' id='word_1_103' title='bbox 710 1546 819 1608; x_wconf 82' lang='grc' dir='ltr'><strong><em>τοῦτον</em></strong></span> <span class='ocrx_word' id='word_1_104' title='bbox 839 1547 897 1607; x_wconf 81' lang='grc' dir='ltr'><strong><em>τοῦ</em></strong></span> <span class='ocrx_word' id='word_1_105' title='bbox 918 1542 1055 1627; x_wconf 79' lang='grc' dir='ltr'><strong><em>κάστρου</em></strong></span> <span class='ocrx_word' id='word_1_106' title='bbox 1074 1542 1175 1627; x_wconf 79' lang='grc' dir='ltr'><strong><em>μετά-</em></strong></span> 
     </span>
     <span class='ocr_line' id='line_1_14' title="bbox 68 1637 1176 1729; baseline 0.004 -23"><span class='ocrx_word' id='word_1_107' title='bbox 68 1647 174 1707; x_wconf 79' lang='grc' dir='ltr'><strong><em>θεσιν.</em></strong></span> <span class='ocrx_word' id='word_1_108' title='bbox 219 1639 368 1706; x_wconf 78' lang='grc' dir='ltr'><strong><em>α’πελθών</em></strong></span> <span class='ocrx_word' id='word_1_109' title='bbox 388 1642 442 1722; x_wconf 76' lang='grc' dir='ltr'><strong>δὲ,</strong></span> <span class='ocrx_word' id='word_1_110' title='bbox 466 1645 525 1705; x_wconf 91' lang='grc' dir='ltr'><strong>καί</strong></span> <span class='ocrx_word' id='word_1_111' title='bbox 540 1667 611 1708; x_wconf 86' lang='grc' dir='ltr'><strong><em>τινα</em></strong></span> <span class='ocrx_word' id='word_1_112' title='bbox 642 1640 759 1729; x_wconf 87' lang='grc' dir='ltr'><strong><em>χρόνον</em></strong></span> <span class='ocrx_word' id='word_1_113' title='bbox 777 1640 947 1729; x_wconf 63' lang='lat' dir='ltr'><strong>doponatur,</strong></span> <span class='ocrx_word' id='word_1_114' title='bbox 968 1637 1094 1728; x_wconf 71' lang='grc' dir='ltr'><strong><em>εὕρισκε</em></strong></span> <span class='ocrx_word' id='word_1_115' title='bbox 1116 1647 1176 1727; x_wconf 80' lang='grc' dir='ltr'><strong>μὲν</strong></span> 
     </span>
     <span class='ocr_line' id='line_1_15' title="bbox 68 1737 1174 1835; baseline 0.004 -29"><span class='ocrx_word' id='word_1_116' title='bbox 68 1742 149 1818; x_wconf 84' lang='grc' dir='ltr'><strong>τούς</strong></span> <span class='ocrx_word' id='word_1_117' title='bbox 164 1745 343 1835; x_wconf 77' lang='grc' dir='ltr'><strong><em>έχχωριόυς</em></strong></span> <span class='ocrx_word' id='word_1_118' title='bbox 360 1738 474 1825; x_wconf 87' lang='grc' dir='ltr'><strong><em>μικρόν</em></strong></span> <span class='ocrx_word' id='word_1_119' title='bbox 489 1768 520 1806; x_wconf 89' lang='grc' dir='ltr'><strong>τι</strong></span> <span class='ocrx_word' id='word_1_120' title='bbox 536 1737 558 1828; x_wconf 73' lang='grc' dir='ltr'><em>ἢ</em></span> <span class='ocrx_word' id='word_1_121' title='bbox 575 1745 667 1808; x_wconf 76' lang='grc' dir='ltr'><strong><em>οὐδὲν</em></strong></span> <span class='ocrx_word' id='word_1_122' title='bbox 684 1741 742 1828; x_wconf 70' lang='grc' dir='ltr'><strong><em>τήν</em></strong></span> <span class='ocrx_word' id='word_1_123' title='bbox 754 1748 813 1809; x_wconf 77' lang='grc' dir='ltr'><strong><em>τοῦ</em></strong></span> <span class='ocrx_word' id='word_1_124' title='bbox 832 1748 989 1828; x_wconf 87' lang='grc' dir='ltr'><strong><em>βασιλέως</em></strong></span> <span class='ocrx_word' id='word_1_125' title='bbox 1010 1748 1073 1810; x_wconf 76' lang='grc' dir='ltr'><strong><em>τῶν</em></strong></span> <span class='ocrx_word' id='word_1_126' title='bbox 1092 1745 1174 1810; x_wconf 87' lang='grc' dir='ltr'><strong><em>Ῥω-</em></strong></span> 
     </span>
     <span class='ocr_line' id='line_1_16' title="bbox 11 1843 1174 1930; baseline 0.002 -22"><span class='ocrx_word' id='word_1_127' title='bbox 11 1867 58 1920; x_wconf 79' lang='lat'><strong>15</strong></span> <span class='ocrx_word' id='word_1_128' title='bbox 69 1847 176 1923; x_wconf 88' lang='grc' dir='ltr'><strong><em>μαίων</em></strong></span> <span class='ocrx_word' id='word_1_129' title='bbox 196 1843 366 1927; x_wconf 86' lang='grc' dir='ltr'><strong><em>κυριότητα</em></strong></span> <span class='ocrx_word' id='word_1_130' title='bbox 390 1845 688 1930; x_wconf 80' lang='grc' dir='ltr'><strong><em>ἐπιστρεφομένους,</em></strong></span> <span class='ocrx_word' id='word_1_131' title='bbox 712 1848 804 1921; x_wconf 68' lang='lat' dir='ltr'><strong>stret</strong></span> <span class='ocrx_word' id='word_1_132' title='bbox 826 1844 881 1911; x_wconf 87' lang='grc' dir='ltr'><strong>τόν</strong></span> <span class='ocrx_word' id='word_1_133' title='bbox 897 1843 1073 1930; x_wconf 80' lang='grc' dir='ltr'><strong><em>έξάρχοντα</em></strong></span> <span class='ocrx_word' id='word_1_134' title='bbox 1096 1844 1174 1910; x_wconf 80' lang='grc' dir='ltr'><strong><em>τοτ’-</em></strong></span> 
     </span>
     <span class='ocr_line' id='line_1_17' title="bbox 70 1939 1302 2032; baseline 0.006 -25"><span class='ocrx_word' id='word_1_135' title='bbox 70 1968 135 2008; x_wconf 83' lang='grc' dir='ltr'><strong>των</strong></span> <span class='ocrx_word' id='word_1_136' title='bbox 162 1943 305 2027; x_wconf 80' lang='grc' dir='ltr'><strong><em>(Τατρύς</em></strong></span> <span class='ocrx_word' id='word_1_137' title='bbox 335 1944 421 2032; x_wconf 71' lang='grc' dir='ltr'><strong><em>αὐτῷ</em></strong></span> <span class='ocrx_word' id='word_1_138' title='bbox 450 1941 468 2026; x_wconf 82' lang='grc' dir='ltr'><em>ἦ</em></span> <span class='ocrx_word' id='word_1_139' title='bbox 502 1947 713 2032; x_wconf 76' lang='grc' dir='ltr'><strong><em>προσηγορία)</em></strong></span> <span class='ocrx_word' id='word_1_140' title='bbox 742 1944 798 2029; x_wconf 75' lang='grc' dir='ltr'><strong><em>την</em></strong></span> <span class='ocrx_word' id='word_1_141' title='bbox 828 1948 974 2023; x_wconf 77' lang='grc' dir='ltr'><strong><em>ἐξουσίαν</em></strong></span> <span class='ocrx_word' id='word_1_142' title='bbox 995 1947 1050 2029; x_wconf 77' lang='grc' dir='ltr'><strong><em>τῆς</em></strong></span> <span class='ocrx_word' id='word_1_143' title='bbox 1071 1939 1302 2031; x_wconf 61' lang='lat' dir='ltr'><strong>adspergitur.</strong></span> 
     </span>
     <span class='ocr_line' id='line_1_18' title="bbox 72 2042 1172 2135; baseline 0.005 -29"><span class='ocrx_word' id='word_1_144' title='bbox 72 2043 252 2126; x_wconf 73' lang='grc' dir='ltr'><strong><em>ὁλοσχερῶς</em></strong></span> <span class='ocrx_word' id='word_1_145' title='bbox 280 2044 507 2127; x_wconf 82' lang='grc' dir='ltr'><strong><em>α’ναφὲροντας.</em></strong></span> <span class='ocrx_word' id='word_1_146' title='bbox 558 2043 619 2110; x_wconf 79' lang='grc' dir='ltr'><strong><em>εἴτε</em></strong></span> <span class='ocrx_word' id='word_1_147' title='bbox 652 2048 686 2110; x_wconf 81' lang='grc' dir='ltr'><strong>δὲ</strong></span> <span class='ocrx_word' id='word_1_148' title='bbox 719 2046 810 2135; x_wconf 84' lang='grc' dir='ltr'><strong><em>φόβφ</em></strong></span> <span class='ocrx_word' id='word_1_149' title='bbox 839 2042 960 2111; x_wconf 72' lang='grc' dir='ltr'><strong><em>τούτων</em></strong></span> <span class='ocrx_word' id='word_1_150' title='bbox 990 2043 1006 2110; x_wconf 79' lang='grc' dir='ltr'><strong><em>ὅ</em></strong></span> <span class='ocrx_word' id='word_1_151' title='bbox 1041 2049 1172 2133; x_wconf 82' lang='grc' dir='ltr'><strong><em>Νέστωρ</em></strong></span> 
     </span>
     <span class='ocr_line' id='line_1_19' title="bbox 72 2142 1175 2234; baseline 0.005 -24"><span class='ocrx_word' id='word_1_152' title='bbox 72 2147 310 2222; x_wconf 71' lang='grc' dir='ltr'><strong><em>κατασειοβτίς,</em></strong></span> <span class='ocrx_word' id='word_1_153' title='bbox 332 2142 395 2209; x_wconf 82' lang='grc' dir='ltr'><strong><em>εἴτε</em></strong></span> <span class='ocrx_word' id='word_1_154' title='bbox 415 2147 457 2232; x_wconf 78' lang='grc' dir='ltr'><strong><em>τῷ</em></strong></span> <span class='ocrx_word' id='word_1_155' title='bbox 480 2145 618 2234; x_wconf 80' lang='grc' dir='ltr'><strong><em>ὁμοτίμῳ</em></strong></span> <span class='ocrx_word' id='word_1_156' title='bbox 642 2150 700 2211; x_wconf 81' lang='grc' dir='ltr'><strong><em>τοῦ</em></strong></span> <span class='ocrx_word' id='word_1_157' title='bbox 721 2149 832 2230; x_wconf 79' lang='grc' dir='ltr'><strong><em>μένους</em></strong></span> <span class='ocrx_word' id='word_1_158' title='bbox 854 2150 907 2231; x_wconf 78' lang='grc' dir='ltr'><strong><em>τῆς</em></strong></span> <span class='ocrx_word' id='word_1_159' title='bbox 929 2146 1056 2212; x_wconf 77' lang='grc' dir='ltr'><strong><em>ἐκείνων</em></strong></span> <span class='ocrx_word' id='word_1_160' title='bbox 1077 2151 1175 2233; x_wconf 80' lang='grc' dir='ltr'><strong><em>ε’ρασ·</em></strong></span> 
     </span>
     <span class='ocr_line' id='line_1_20' title="bbox 70 2243 1177 2335; baseline 0.005 -25"><span class='ocrx_word' id='word_1_161' title='bbox 70 2244 143 2320; x_wconf 77' lang='grc' dir='ltr'><strong><em>θείς</em></strong></span> <span class='ocrx_word' id='word_1_162' title='bbox 164 2245 388 2332; x_wconf 81' lang='grc' dir='ltr'><strong><em>προαιρέσεως,</em></strong></span> <span class='ocrx_word' id='word_1_163' title='bbox 410 2243 468 2309; x_wconf 81' lang='grc' dir='ltr'><strong><em>εἴτ’</em></strong></span> <span class='ocrx_word' id='word_1_164' title='bbox 489 2249 523 2310; x_wconf 82' lang='grc' dir='ltr'><strong>ἐκ</strong></span> <span class='ocrx_word' id='word_1_165' title='bbox 536 2249 591 2330; x_wconf 73' lang='grc' dir='ltr'><strong><em>τῆς</em></strong></span> <span class='ocrx_word' id='word_1_166' title='bbox 612 2245 852 2333; x_wconf 75' lang='grc' dir='ltr'><strong><em>καταλαβούσης</em></strong></span> <span class='ocrx_word' id='word_1_167' title='bbox 872 2246 968 2314; x_wconf 78' lang='grc' dir='ltr'><strong><em>αὐτὸν</em></strong></span> <span class='ocrx_word' id='word_1_168' title='bbox 989 2243 1096 2335; x_wconf 68' lang='grc' dir='ltr'><strong><em>φήμης</em></strong></span> <span class='ocrx_word' id='word_1_169' title='bbox 1116 2252 1177 2334; x_wconf 81' lang='grc' dir='ltr'><strong>δη-</strong></span> 
     </span>
     <span class='ocr_line' id='line_1_21' title="bbox 18 2340 1177 2435; baseline 0.005 -24"><span class='ocrx_word' id='word_1_170' title='bbox 18 2355 61 2411; x_wconf 80' lang='lat'><strong>20</strong></span> <span class='ocrx_word' id='word_1_171' title='bbox 70 2351 166 2433; x_wconf 76' lang='grc' dir='ltr'><strong><em>χθείς</em></strong></span> <span class='ocrx_word' id='word_1_172' title='bbox 186 2347 244 2431; x_wconf 78' lang='grc' dir='ltr'><strong><em>την</em></strong></span> <span class='ocrx_word' id='word_1_173' title='bbox 258 2345 378 2434; x_wconf 69' lang='grc' dir='ltr'><strong><em>ψυχήν,</em></strong></span> <span class='ocrx_word' id='word_1_174' title='bbox 401 2341 466 2435; x_wconf 71' lang='grc' dir='ltr'><strong><em>ἥτις</em></strong></span> <span class='ocrx_word' id='word_1_175' title='bbox 487 2340 525 2431; x_wconf 75' lang='grc' dir='ltr'><strong>ἧν</strong></span> <span class='ocrx_word' id='word_1_176' title='bbox 544 2343 586 2424; x_wconf 74' lang='grc' dir='ltr'><strong>ὥς</strong></span> <span class='ocrx_word' id='word_1_177' title='bbox 605 2345 663 2431; x_wconf 76' lang='grc' dir='ltr'><strong>τήν</strong></span> <span class='ocrx_word' id='word_1_178' title='bbox 676 2351 778 2414; x_wconf 78' lang='grc' dir='ltr'><strong><em>οἰκίαν</em></strong></span> <span class='ocrx_word' id='word_1_179' title='bbox 797 2349 901 2413; x_wconf 71' lang='grc' dir='ltr'><strong><em>αὐτοῦ</em></strong></span> <span class='ocrx_word' id='word_1_180' title='bbox 917 2349 1046 2435; x_wconf 74' lang='grc' dir='ltr'><strong><em>κοίτην</em></strong></span> <span class='ocrx_word' id='word_1_181' title='bbox 1064 2349 1177 2417; x_wconf 77' lang='grc' dir='ltr'><strong><em>οὐσίαν</em></strong></span> 
     </span>
     <span class='ocr_line' id='line_1_22' title="bbox 72 2447 1176 2573; baseline 0.002 -59"><span class='ocrx_word' id='word_1_182' title='bbox 72 2474 116 2537; x_wconf 83' lang='grc' dir='ltr'><strong><em>τφ</em></strong></span> <span class='ocrx_word' id='word_1_183' title='bbox 104 2450 298 2568; x_wconf 82' lang='grc' dir='ltr'><strong><em>δημοσίφ’</em></strong></span> <span class='ocrx_word' id='word_1_184' title='bbox 277 2452 481 2573; x_wconf 81' lang='grc' dir='ltr'><strong><em>τγγράφουσι</em></strong></span> <span class='ocrx_word' id='word_1_185' title='bbox 493 2451 654 2536; x_wconf 82' lang='grc' dir='ltr'><strong><em>προφάσει</em></strong></span> <span class='ocrx_word' id='word_1_186' title='bbox 669 2472 726 2514; x_wconf 89' lang='grc' dir='ltr'><strong><em>τοο</em></strong></span> <span class='ocrx_word' id='word_1_187' title='bbox 738 2477 781 2534; x_wconf 87' lang='grc' dir='ltr'><strong>μη</strong></span> <span class='ocrx_word' id='word_1_188' title='bbox 773 2447 1019 2517; x_wconf 77' lang='grc' dir='ltr'><strong><em>καταναλῶσαι</em></strong></span> <span class='ocrx_word' id='word_1_189' title='bbox 1032 2474 1065 2516; x_wconf 89' lang='grc' dir='ltr'><strong><em>το</em></strong></span> <span class='ocrx_word' id='word_1_190' title='bbox 1054 2451 1176 2516; x_wconf 77' lang='grc' dir='ltr'><strong><em>δοθὲν</em></strong></span> 
     </span>
     <span class='ocr_line' id='line_1_23' title="bbox 74 2548 1203 2653; baseline 0 -38"><span class='ocrx_word' id='word_1_191' title='bbox 74 2552 162 2639; x_wconf 78' lang='grc' dir='ltr'><strong><em>ου’τφ</em></strong></span> <span class='ocrx_word' id='word_1_192' title='bbox 182 2548 317 2635; x_wconf 88' lang='grc' dir='ltr'><strong><em>χρυσιόν</em></strong></span> <span class='ocrx_word' id='word_1_193' title='bbox 336 2552 371 2614; x_wconf 78' lang='grc' dir='ltr'><strong>ἐκ</strong></span> <span class='ocrx_word' id='word_1_194' title='bbox 392 2576 456 2616; x_wconf 88' lang='grc' dir='ltr'><strong>των</strong></span> <span class='ocrx_word' id='word_1_195' title='bbox 478 2555 650 2632; x_wconf 86' lang='grc' dir='ltr'><strong><em>βασιλικων</em></strong></span> <span class='ocrx_word' id='word_1_196' title='bbox 671 2555 844 2636; x_wconf 77' lang='grc' dir='ltr'><strong><em>θησαυρων</em></strong></span> <span class='ocrx_word' id='word_1_197' title='bbox 864 2551 909 2627; x_wconf 80' lang='grc' dir='ltr'><strong>εἷς</strong></span> <span class='ocrx_word' id='word_1_198' title='bbox 932 2555 1002 2653; x_wconf 80' lang='grc' dir='ltr'><strong><em>δέον</em></strong></span> <span class='ocrx_word' id='word_1_199' title='bbox 1023 2552 1093 2636; x_wconf 88' lang='grc' dir='ltr'><strong><em>(και</em></strong></span> <span class='ocrx_word' id='word_1_200' title='bbox 1112 2550 1174 2637; x_wconf 72' lang='grc' dir='ltr'><strong>γὰρ</strong></span> <span class='ocrx_word' id='word_1_201' title='bbox 1198 2581 1203 2594; x_wconf 75' lang='lat'><em>=</em></span> 
     </span>
     <span class='ocr_line' id='line_1_24' title="bbox 75 2648 1217 2763; baseline 0.003 -48"><span class='ocrx_word' id='word_1_202' title='bbox 75 2648 280 2763; x_wconf 82' lang='grc' dir='ltr'><strong><em>δυσμενως”</em></strong></span> <span class='ocrx_word' id='word_1_203' title='bbox 259 2675 342 2735; x_wconf 90' lang='grc' dir='ltr'><strong><em>εχων</em></strong></span> <span class='ocrx_word' id='word_1_204' title='bbox 360 2654 444 2741; x_wconf 88' lang='grc' dir='ltr'><strong><em>πρὸς</em></strong></span> <span class='ocrx_word' id='word_1_205' title='bbox 466 2648 564 2719; x_wconf 78' lang='grc' dir='ltr'><strong><em>αὐτὸν</em></strong></span> <span class='ocrx_word' id='word_1_206' title='bbox 589 2650 605 2716; x_wconf 85' lang='lat' dir='ltr'><strong>d</strong></span> <span class='ocrx_word' id='word_1_207' title='bbox 629 2650 864 2740; x_wconf 90' lang='grc' dir='ltr'><strong><em>Νικηφόρος</em></strong></span> <span class='ocrx_word' id='word_1_208' title='bbox 844 2677 980 2738; x_wconf 81' lang='grc' dir='ltr'><strong><em>επραττε</em></strong></span> <span class='ocrx_word' id='word_1_209' title='bbox 1000 2657 1094 2719; x_wconf 76' lang='grc' dir='ltr'><strong><em>τοῦτο</em></strong></span> <span class='ocrx_word' id='word_1_210' title='bbox 1117 2678 1176 2718; x_wconf 85' lang='grc' dir='ltr'><strong><em>ιτα-</em></strong></span> <span class='ocrx_word' id='word_1_211' title='bbox 1213 2718 1217 2726; x_wconf 77' lang='grc'><em>,</em></span> 
     </span>
    </p>
   </div>
   <div class='ocr_carea' id='block_1_3' title="bbox 62 2962 1331 4250">
    <p class='ocr_par' dir='ltr' id='par_1_3' title="bbox 62 2962 1331 4250">
     <span class='ocr_line' id='line_1_25' title="bbox 78 2962 1173 3034; baseline 0.004 -19"><span class='ocrx_word' id='word_1_212' title='bbox 78 2964 155 3015; x_wconf 88' lang='lat' dir='ltr'><strong>etiam</strong></span> <span class='ocrx_word' id='word_1_213' title='bbox 170 2962 253 3028; x_wconf 91' lang='lat' dir='ltr'><strong>dona,</strong></span> <span class='ocrx_word' id='word_1_214' title='bbox 281 2978 349 3031; x_wconf 90' lang='lat' dir='ltr'><strong>quae</strong></span> <span class='ocrx_word' id='word_1_215' title='bbox 380 2979 413 3016; x_wconf 85' lang='lat' dir='ltr'><strong>ex</strong></span> <span class='ocrx_word' id='word_1_216' title='bbox 440 2964 523 3034; x_wconf 83' lang='lat' dir='ltr'><strong>regiis</strong></span> <span class='ocrx_word' id='word_1_217' title='bbox 548 2964 680 3018; x_wconf 74' lang='lat' dir='ltr'><strong>thesauris</strong></span> <span class='ocrx_word' id='word_1_218' title='bbox 705 2964 847 3033; x_wconf 75' lang='lat' dir='ltr'><strong>quotannis</strong></span> <span class='ocrx_word' id='word_1_219' title='bbox 870 2964 1060 3032; x_wconf 71' lang='lat' dir='ltr'><strong>mittebantur,</strong></span> <span class='ocrx_word' id='word_1_220' title='bbox 1086 2965 1173 3019; x_wconf 89' lang='lat' dir='ltr'><strong>studio</strong></span> 
     </span>
     <span class='ocr_line' id='line_1_26' title="bbox 77 3029 1230 3105; baseline -0.001 -17"><span class='ocrx_word' id='word_1_221' title='bbox 77 3034 219 3102; x_wconf 77' lang='lat' dir='ltr'><strong>Nicephori</strong></span> <span class='ocrx_word' id='word_1_222' title='bbox 240 3036 543 3088; x_wconf 88' lang='lat' dir='ltr'><strong>circumscribebautur.</strong></span> <span class='ocrx_word' id='word_1_223' title='bbox 566 3044 646 3105; x_wconf 89' lang='lat' dir='ltr'><strong>atque</strong></span> <span class='ocrx_word' id='word_1_224' title='bbox 665 3035 715 3087; x_wconf 85' lang='lat' dir='ltr'><strong>hac</strong></span> <span class='ocrx_word' id='word_1_225' title='bbox 733 3037 838 3087; x_wconf 85' lang='lat' dir='ltr'><strong>retrone</strong></span> <span class='ocrx_word' id='word_1_226' title='bbox 850 3036 997 3097; x_wconf 83' lang='lat' dir='ltr'><strong>nonnullae</strong></span> <span class='ocrx_word' id='word_1_227' title='bbox 1015 3029 1106 3087; x_wconf 84' lang='lat' dir='ltr'><strong>harum</strong></span> <span class='ocrx_word' id='word_1_228' title='bbox 1126 3053 1174 3087; x_wconf 91' lang='lat' dir='ltr'><strong>ur.</strong></span> <span class='ocrx_word' id='word_1_229' title='bbox 1221 3087 1230 3093; x_wconf 76' lang='grc'><em>,</em></span> 
     </span>
     <span class='ocr_line' id='line_1_27' title="bbox 62 3106 1174 3191; baseline -0.001 -33"><span class='ocrx_word' id='word_1_230' title='bbox 62 3106 147 3158; x_wconf 78' lang='lat' dir='ltr'><strong>bium</strong></span> <span class='ocrx_word' id='word_1_231' title='bbox 167 3106 199 3157; x_wconf 94' lang='lat' dir='ltr'><strong>ad</strong></span> <span class='ocrx_word' id='word_1_232' title='bbox 217 3106 374 3158; x_wconf 84' lang='lat' dir='ltr'><strong>seditionem</strong></span> <span class='ocrx_word' id='word_1_233' title='bbox 393 3116 562 3191; x_wconf 80' lang='lat' dir='ltr'><strong>spectarunt,</strong></span> <span class='ocrx_word' id='word_1_234' title='bbox 583 3116 609 3159; x_wconf 85' lang='lat' dir='ltr'><strong>et</strong></span> <span class='ocrx_word' id='word_1_235' title='bbox 627 3107 659 3159; x_wconf 87' lang='lat' dir='ltr'><strong>ad</strong></span> <span class='ocrx_word' id='word_1_236' title='bbox 687 3106 814 3173; x_wconf 90' lang='lat' dir='ltr'><strong>populum</strong></span> <span class='ocrx_word' id='word_1_237' title='bbox 833 3106 1034 3159; x_wconf 86' lang='lat' dir='ltr'><strong>Patzinacorum</strong></span> <span class='ocrx_word' id='word_1_238' title='bbox 1053 3108 1174 3159; x_wconf 90' lang='lat' dir='ltr'><strong>nuntium</strong></span> 
     </span>
     <span class='ocr_line' id='line_1_28' title="bbox 77 3178 1174 3258; baseline 0.001 -28"><span class='ocrx_word' id='word_1_239' title='bbox 77 3178 220 3230; x_wconf 91' lang='lat' dir='ltr'><strong>mittebant</strong></span> <span class='ocrx_word' id='word_1_240' title='bbox 269 3178 403 3243; x_wconf 86' lang='lat' dir='ltr'><strong>volentes,</strong></span> <span class='ocrx_word' id='word_1_241' title='bbox 423 3182 466 3247; x_wconf 90' lang='lat' dir='ltr'><strong>qui</strong></span> <span class='ocrx_word' id='word_1_242' title='bbox 486 3181 557 3231; x_wconf 90' lang='lat' dir='ltr'><strong>circa</strong></span> <span class='ocrx_word' id='word_1_243' title='bbox 580 3194 672 3247; x_wconf 85' lang='lat' dir='ltr'><strong>regem</strong></span> <span class='ocrx_word' id='word_1_244' title='bbox 700 3185 789 3242; x_wconf 88' lang='lat' dir='ltr'><strong>erant,</strong></span> <span class='ocrx_word' id='word_1_245' title='bbox 808 3178 938 3258; x_wconf 67' lang='lat' dir='ltr'><strong>satrapam</strong></span> <span class='ocrx_word' id='word_1_246' title='bbox 963 3180 1069 3230; x_wconf 90' lang='lat' dir='ltr'><strong>mittere</strong></span> <span class='ocrx_word' id='word_1_247' title='bbox 1089 3179 1174 3231; x_wconf 86' lang='lat' dir='ltr'><strong>exiis</strong></span> 
     </span>
     <span class='ocr_line' id='line_1_29' title="bbox 79 3215 1174 3318; baseline 0.001 -19"><span class='ocrx_word' id='word_1_248' title='bbox 79 3251 122 3318; x_wconf 91' lang='lat' dir='ltr'><strong>qui</strong></span> <span class='ocrx_word' id='word_1_249' title='bbox 140 3250 181 3301; x_wconf 88' lang='lat' dir='ltr'><strong>ilii</strong></span> <span class='ocrx_word' id='word_1_250' title='bbox 197 3250 309 3301; x_wconf 86' lang='lat' dir='ltr'><strong>maxime</strong></span> <span class='ocrx_word' id='word_1_251' title='bbox 329 3259 403 3302; x_wconf 87' lang='lat' dir='ltr'><strong>erant</strong></span> <span class='ocrx_word' id='word_1_252' title='bbox 417 3250 510 3315; x_wconf 92' lang='lat' dir='ltr'><strong>dediti,</strong></span> <span class='ocrx_word' id='word_1_253' title='bbox 529 3257 678 3303; x_wconf 90' lang='lat' dir='ltr'><strong>statuerunt</strong></span> <span class='ocrx_word' id='word_1_254' title='bbox 695 3215 859 3315; x_wconf 81' lang='lat' dir='ltr'><strong>praefectum</strong></span> <span class='ocrx_word' id='word_1_255' title='bbox 870 3250 989 3301; x_wconf 87' lang='lat' dir='ltr'><strong>Dristrac</strong></span> <span class='ocrx_word' id='word_1_256' title='bbox 1008 3264 1100 3300; x_wconf 88' lang='lat' dir='ltr'><strong>creare</strong></span> <span class='ocrx_word' id='word_1_257' title='bbox 1117 3249 1174 3302; x_wconf 84' lang='lat' dir='ltr'><strong>Ne-</strong></span> 
     </span>
     <span class='ocr_line' id='line_1_30' title="bbox 79 3319 1174 3404; baseline -0.003 -30"><span class='ocrx_word' id='word_1_258' title='bbox 79 3330 173 3375; x_wconf 90' lang='lat' dir='ltr'><strong>storem</strong></span> <span class='ocrx_word' id='word_1_259' title='bbox 196 3322 335 3390; x_wconf 87' lang='lat' dir='ltr'><strong>quendam,</strong></span> <span class='ocrx_word' id='word_1_260' title='bbox 355 3323 540 3374; x_wconf 78' lang='lat' dir='ltr'><strong>vestiariornm</strong></span> <span class='ocrx_word' id='word_1_261' title='bbox 555 3322 703 3388; x_wconf 87' lang='lat' dir='ltr'><strong>principum</strong></span> <span class='ocrx_word' id='word_1_262' title='bbox 722 3322 852 3389; x_wconf 84' lang='lat' dir='ltr'><strong>dignitate</strong></span> <span class='ocrx_word' id='word_1_263' title='bbox 873 3320 1039 3404; x_wconf 83' lang='lat' dir='ltr'><strong>honoratum,</strong></span> <span class='ocrx_word' id='word_1_264' title='bbox 1059 3320 1091 3371; x_wconf 87' lang='lat' dir='ltr'><strong>ab</strong></span> <span class='ocrx_word' id='word_1_265' title='bbox 1103 3319 1174 3385; x_wconf 80' lang='lat' dir='ltr'><strong>illy-</strong></span> 
     </span>
     <span class='ocr_line' id='line_1_31' title="bbox 78 3392 1174 3461; baseline -0.003 -17"><span class='ocrx_word' id='word_1_266' title='bbox 78 3394 124 3444; x_wconf 88' lang='lat' dir='ltr'><strong>riis</strong></span> <span class='ocrx_word' id='word_1_267' title='bbox 144 3408 227 3460; x_wconf 86' lang='lat' dir='ltr'><strong>genus</strong></span> <span class='ocrx_word' id='word_1_268' title='bbox 247 3392 387 3444; x_wconf 90' lang='lat' dir='ltr'><strong>ducentem</strong></span> <span class='ocrx_word' id='word_1_269' title='bbox 408 3402 434 3445; x_wconf 92' lang='lat' dir='ltr'><strong>et</strong></span> <span class='ocrx_word' id='word_1_270' title='bbox 452 3408 558 3445; x_wconf 88' lang='lat' dir='ltr'><strong>servum</strong></span> <span class='ocrx_word' id='word_1_271' title='bbox 578 3400 716 3459; x_wconf 89' lang='lat' dir='ltr'><strong>paternum</strong></span> <span class='ocrx_word' id='word_1_272' title='bbox 736 3392 834 3443; x_wconf 87' lang='lat' dir='ltr'><strong>iactum</strong></span> <span class='ocrx_word' id='word_1_273' title='bbox 853 3394 943 3461; x_wconf 86' lang='lat' dir='ltr'><strong>regis:</strong></span> <span class='ocrx_word' id='word_1_274' title='bbox 971 3407 1049 3460; x_wconf 90' lang='lat' dir='ltr'><strong>quem</strong></span> <span class='ocrx_word' id='word_1_275' title='bbox 1068 3392 1174 3460; x_wconf 92' lang='lat' dir='ltr'><strong>quidem</strong></span> 
     </span>
     <span class='ocr_line' id='line_1_32' title="bbox 81 3461 1174 3532; baseline -0.005 -18"><span class='ocrx_word' id='word_1_276' title='bbox 81 3464 156 3514; x_wconf 89' lang='lat' dir='ltr'><strong>etiam</strong></span> <span class='ocrx_word' id='word_1_277' title='bbox 174 3471 245 3515; x_wconf 90' lang='lat' dir='ltr'><strong>tanto</strong></span> <span class='ocrx_word' id='word_1_278' title='bbox 265 3464 398 3517; x_wconf 90' lang='lat' dir='ltr'><strong>honorans</strong></span> <span class='ocrx_word' id='word_1_279' title='bbox 418 3466 462 3532; x_wconf 91' lang='lat' dir='ltr'><strong>qui</strong></span> <span class='ocrx_word' id='word_1_280' title='bbox 482 3473 535 3516; x_wconf 91' lang='lat' dir='ltr'><strong>tum</strong></span> <span class='ocrx_word' id='word_1_281' title='bbox 560 3464 706 3531; x_wconf 87' lang='lat' dir='ltr'><strong>imperabat</strong></span> <span class='ocrx_word' id='word_1_282' title='bbox 733 3464 865 3530; x_wconf 89' lang='lat' dir='ltr'><strong>imperio,</strong></span> <span class='ocrx_word' id='word_1_283' title='bbox 887 3464 960 3515; x_wconf 86' lang='lat' dir='ltr'><strong>misit</strong></span> <span class='ocrx_word' id='word_1_284' title='bbox 978 3477 1036 3515; x_wconf 90' lang='lat' dir='ltr'><strong>cum</strong></span> <span class='ocrx_word' id='word_1_285' title='bbox 1054 3461 1174 3514; x_wconf 91' lang='lat' dir='ltr'><strong>nonnul.</strong></span> 
     </span>
     <span class='ocr_line' id='line_1_33' title="bbox 79 3533 1174 3604; baseline -0.002 -19"><span class='ocrx_word' id='word_1_286' title='bbox 79 3534 113 3585; x_wconf 92' lang='lat' dir='ltr'><strong>lis</strong></span> <span class='ocrx_word' id='word_1_287' title='bbox 130 3534 289 3600; x_wconf 81' lang='lat' dir='ltr'><strong>liristrenis‚</strong></span> <span class='ocrx_word' id='word_1_288' title='bbox 316 3537 361 3604; x_wconf 94' lang='lat' dir='ltr'><strong>qni</strong></span> <span class='ocrx_word' id='word_1_289' title='bbox 387 3536 572 3601; x_wconf 87' lang='lat' dir='ltr'><strong>promitterent</strong></span> <span class='ocrx_word' id='word_1_290' title='bbox 595 3538 654 3604; x_wconf 85' lang='lat' dir='ltr'><strong>regi</strong></span> <span class='ocrx_word' id='word_1_291' title='bbox 681 3550 710 3587; x_wconf 90' lang='lat' dir='ltr'><strong>se</strong></span> <span class='ocrx_word' id='word_1_292' title='bbox 736 3534 876 3587; x_wconf 88' lang='lat' dir='ltr'><strong>castelium</strong></span> <span class='ocrx_word' id='word_1_293' title='bbox 900 3535 963 3586; x_wconf 89' lang='lat' dir='ltr'><strong>huic</strong></span> <span class='ocrx_word' id='word_1_294' title='bbox 982 3533 1174 3586; x_wconf 82' lang='lat' dir='ltr'><strong>conciliaturas</strong></span> 
     </span>
     <span class='ocr_line' id='line_1_34' title="bbox 81 3604 1331 3674; baseline -0.002 -18"><span class='ocrx_word' id='word_1_295' title='bbox 81 3621 146 3659; x_wconf 84' lang='lat' dir='ltr'><strong>esse</strong></span> <span class='ocrx_word' id='word_1_296' title='bbox 190 3622 248 3657; x_wconf 90' lang='lat' dir='ltr'><strong>cum</strong></span> <span class='ocrx_word' id='word_1_297' title='bbox 270 3608 293 3658; x_wconf 91' lang='lat' dir='ltr'><strong>is</strong></span> <span class='ocrx_word' id='word_1_298' title='bbox 319 3606 429 3658; x_wconf 87' lang='lat' dir='ltr'><strong>abiisset</strong></span> <span class='ocrx_word' id='word_1_299' title='bbox 454 3613 481 3656; x_wconf 93' lang='lat' dir='ltr'><strong>et</strong></span> <span class='ocrx_word' id='word_1_300' title='bbox 504 3614 607 3673; x_wconf 89' lang='lat' dir='ltr'><strong>tempus</strong></span> <span class='ocrx_word' id='word_1_301' title='bbox 634 3604 742 3674; x_wconf 89' lang='lat' dir='ltr'><strong>aliquod</strong></span> <span class='ocrx_word' id='word_1_302' title='bbox 768 3607 921 3674; x_wconf 82' lang='lat' dir='ltr'><strong>peregisset</strong></span> <span class='ocrx_word' id='word_1_303' title='bbox 938 3607 1000 3669; x_wconf 90' lang='lat' dir='ltr'><strong>iter,</strong></span> <span class='ocrx_word' id='word_1_304' title='bbox 1019 3604 1175 3657; x_wconf 85' lang='lat' dir='ltr'><strong>inveniebat</strong></span> <span class='ocrx_word' id='word_1_305' title='bbox 1270 3644 1278 3649; x_wconf 93' lang='lat'>.</span> <span class='ocrx_word' id='word_1_306' title='bbox 1327 3648 1331 3663; x_wconf 90' lang='grc'>,</span> 
     </span>
     <span class='ocr_line' id='line_1_35' title="bbox 79 3674 1232 3762; baseline -0.002 -34"><span class='ocrx_word' id='word_1_307' title='bbox 79 3677 178 3730; x_wconf 89' lang='lat' dir='ltr'><strong>incolas</strong></span> <span class='ocrx_word' id='word_1_308' title='bbox 205 3677 312 3762; x_wconf 86' lang='lat' dir='ltr'><strong>paulum</strong></span> <span class='ocrx_word' id='word_1_309' title='bbox 340 3674 385 3728; x_wconf 88' lang='lat' dir='ltr'><strong>vel</strong></span> <span class='ocrx_word' id='word_1_310' title='bbox 404 3676 472 3727; x_wconf 89' lang='lat' dir='ltr'><strong>nihii</strong></span> <span class='ocrx_word' id='word_1_311' title='bbox 500 3681 573 3762; x_wconf 80' lang='lat' dir='ltr'><strong>regis</strong></span> <span class='ocrx_word' id='word_1_312' title='bbox 594 3679 753 3729; x_wconf 86' lang='lat' dir='ltr'><strong>Graecorum</strong></span> <span class='ocrx_word' id='word_1_313' title='bbox 781 3685 941 3761; x_wconf 82' lang='lat' dir='ltr'><strong>potestatem</strong></span> <span class='ocrx_word' id='word_1_314' title='bbox 960 3677 1107 3743; x_wconf 83' lang='lat' dir='ltr'><strong>respicere,</strong></span> <span class='ocrx_word' id='word_1_315' title='bbox 1126 3675 1174 3727; x_wconf 85' lang='lat' dir='ltr'><strong>sed</strong></span> <span class='ocrx_word' id='word_1_316' title='bbox 1225 3726 1232 3741; x_wconf 71' lang='grc'><strong><em>,</em></strong></span> 
     </span>
     <span class='ocr_line' id='line_1_36' title="bbox 81 3738 1173 3832; baseline -0.004 -31"><span class='ocrx_word' id='word_1_317' title='bbox 81 3751 110 3801; x_wconf 87' lang='lat' dir='ltr'><strong>ad</strong></span> <span class='ocrx_word' id='word_1_318' title='bbox 127 3752 273 3832; x_wconf 80' lang='lat' dir='ltr'><strong>principem</strong></span> <span class='ocrx_word' id='word_1_319' title='bbox 301 3763 376 3801; x_wconf 92' lang='lat' dir='ltr'><strong>suum</strong></span> <span class='ocrx_word' id='word_1_320' title='bbox 400 3738 508 3817; x_wconf 77' lang='lat' dir='ltr'><strong>(Tatrys</strong></span> <span class='ocrx_word' id='word_1_321' title='bbox 534 3750 558 3799; x_wconf 90' lang='lat' dir='ltr'><strong>ei</strong></span> <span class='ocrx_word' id='word_1_322' title='bbox 585 3757 641 3800; x_wconf 86' lang='lat' dir='ltr'><strong>erat</strong></span> <span class='ocrx_word' id='word_1_323' title='bbox 664 3752 777 3817; x_wconf 86' lang='lat' dir='ltr'><strong>nomen)</strong></span> <span class='ocrx_word' id='word_1_324' title='bbox 804 3748 942 3831; x_wconf 82' lang='lat' dir='ltr'><strong>imperium</strong></span> <span class='ocrx_word' id='word_1_325' title='bbox 969 3748 1039 3799; x_wconf 87' lang='lat' dir='ltr'><strong>arcis</strong></span> <span class='ocrx_word' id='word_1_326' title='bbox 1063 3762 1173 3815; x_wconf 87' lang='lat' dir='ltr'><strong>prorsus</strong></span> 
     </span>
     <span class='ocr_line' id='line_1_37' title="bbox 81 3819 1172 3888; baseline -0.004 -15"><span class='ocrx_word' id='word_1_327' title='bbox 81 3821 196 3873; x_wconf 83' lang='lat' dir='ltr'><strong>deferre·</strong></span> <span class='ocrx_word' id='word_1_328' title='bbox 219 3821 279 3873; x_wconf 87' lang='lat' dir='ltr'><strong>sive</strong></span> <span class='ocrx_word' id='word_1_329' title='bbox 304 3828 390 3871; x_wconf 89' lang='lat' dir='ltr'><strong>autem</strong></span> <span class='ocrx_word' id='word_1_330' title='bbox 415 3829 487 3871; x_wconf 92' lang='lat' dir='ltr'><strong>metu</strong></span> <span class='ocrx_word' id='word_1_331' title='bbox 512 3819 605 3871; x_wconf 91' lang='lat' dir='ltr'><strong>horum</strong></span> <span class='ocrx_word' id='word_1_332' title='bbox 623 3819 720 3871; x_wconf 85' lang='lat' dir='ltr'><strong>Nestor</strong></span> <span class='ocrx_word' id='word_1_333' title='bbox 746 3833 890 3871; x_wconf 88' lang='lat' dir='ltr'><strong>concussus</strong></span> <span class='ocrx_word' id='word_1_334' title='bbox 918 3820 977 3870; x_wconf 83' lang='lat' dir='ltr'><strong>sive</strong></span> <span class='ocrx_word' id='word_1_335' title='bbox 994 3827 1105 3888; x_wconf 86' lang='lat' dir='ltr'><strong>propter</strong></span> <span class='ocrx_word' id='word_1_336' title='bbox 1122 3832 1172 3870; x_wconf 89' lang='lat' dir='ltr'><strong>ae.</strong></span> 
     </span>
     <span class='ocr_line' id='line_1_38' title="bbox 82 3890 1172 3961; baseline -0.003 -17"><span class='ocrx_word' id='word_1_337' title='bbox 82 3908 153 3961; x_wconf 87' lang='lat' dir='ltr'><strong>quam</strong></span> <span class='ocrx_word' id='word_1_338' title='bbox 177 3893 285 3961; x_wconf 83' lang='lat' dir='ltr'><strong>generis</strong></span> <span class='ocrx_word' id='word_1_339' title='bbox 313 3892 468 3959; x_wconf 87' lang='lat' dir='ltr'><strong>dignitatern</strong></span> <span class='ocrx_word' id='word_1_340' title='bbox 490 3891 596 3941; x_wconf 91' lang='lat' dir='ltr'><strong>illorum</strong></span> <span class='ocrx_word' id='word_1_341' title='bbox 624 3899 714 3957; x_wconf 89' lang='lat' dir='ltr'><strong>partes</strong></span> <span class='ocrx_word' id='word_1_342' title='bbox 733 3904 843 3954; x_wconf 87' lang='lat' dir='ltr'><strong>amans,</strong></span> <span class='ocrx_word' id='word_1_343' title='bbox 868 3891 927 3941; x_wconf 87' lang='lat' dir='ltr'><strong>sive</strong></span> <span class='ocrx_word' id='word_1_344' title='bbox 945 3898 1054 3961; x_wconf 80' lang='lat' dir='ltr'><strong>propter</strong></span> <span class='ocrx_word' id='word_1_345' title='bbox 1076 3890 1172 3942; x_wconf 81' lang='lat' dir='ltr'><strong>famam</strong></span> 
     </span>
     <span class='ocr_line' id='line_1_39' title="bbox 83 3962 1172 4044; baseline -0.002 -27"><span class='ocrx_word' id='word_1_346' title='bbox 83 3966 112 4017; x_wconf 86' lang='lat' dir='ltr'><strong>sd</strong></span> <span class='ocrx_word' id='word_1_347' title='bbox 131 3980 188 4015; x_wconf 89' lang='lat' dir='ltr'><strong>eum</strong></span> <span class='ocrx_word' id='word_1_348' title='bbox 208 3962 319 4014; x_wconf 86' lang='lat' dir='ltr'><strong>delatam</strong></span> <span class='ocrx_word' id='word_1_349' title='bbox 341 3964 428 4014; x_wconf 90' lang='lat' dir='ltr'><strong>animo</strong></span> <span class='ocrx_word' id='word_1_350' title='bbox 447 3970 570 4029; x_wconf 88' lang='lat' dir='ltr'><strong>punctus,</strong></span> <span class='ocrx_word' id='word_1_351' title='bbox 597 3976 664 4044; x_wconf 88' lang='lat' dir='ltr'><strong>quae</strong></span> <span class='ocrx_word' id='word_1_352' title='bbox 684 3962 788 4012; x_wconf 88' lang='lat' dir='ltr'><strong>aicbat·</strong></span> <span class='ocrx_word' id='word_1_353' title='bbox 809 3962 912 4012; x_wconf 92' lang='lat' dir='ltr'><strong>domum</strong></span> <span class='ocrx_word' id='word_1_354' title='bbox 932 3962 990 4013; x_wconf 90' lang='lat' dir='ltr'><strong>eius</strong></span> <span class='ocrx_word' id='word_1_355' title='bbox 1010 3971 1036 4015; x_wconf 92' lang='lat' dir='ltr'><strong>et</strong></span> <span class='ocrx_word' id='word_1_356' title='bbox 1053 3978 1110 4014; x_wconf 87' lang='lat' dir='ltr'><strong>rem</strong></span> <span class='ocrx_word' id='word_1_357' title='bbox 1128 3962 1172 4015; x_wconf 82' lang='lat' dir='ltr'><strong>ia-</strong></span> 
     </span>
     <span class='ocr_line' id='line_1_40' title="bbox 82 4032 1173 4101; baseline -0.003 -14"><span class='ocrx_word' id='word_1_358' title='bbox 82 4035 205 4087; x_wconf 86' lang='lat' dir='ltr'><strong>milisrem</strong></span> <span class='ocrx_word' id='word_1_359' title='bbox 225 4034 356 4100; x_wconf 89' lang='lat' dir='ltr'><strong>publicari</strong></span> <span class='ocrx_word' id='word_1_360' title='bbox 376 4041 515 4101; x_wconf 87' lang='lat' dir='ltr'><strong>praetexto</strong></span> <span class='ocrx_word' id='word_1_361' title='bbox 535 4034 609 4100; x_wconf 87' lang='lat' dir='ltr'><strong>quasi</strong></span> <span class='ocrx_word' id='word_1_362' title='bbox 635 4047 689 4083; x_wconf 92' lang='lat' dir='ltr'><strong>non</strong></span> <span class='ocrx_word' id='word_1_363' title='bbox 716 4032 889 4098; x_wconf 89' lang='lat' dir='ltr'><strong>impendisset</strong></span> <span class='ocrx_word' id='word_1_364' title='bbox 908 4048 976 4101; x_wconf 89' lang='lat' dir='ltr'><strong>quac</strong></span> <span class='ocrx_word' id='word_1_365' title='bbox 995 4034 1019 4084; x_wconf 92' lang='lat' dir='ltr'><strong>ei</strong></span> <span class='ocrx_word' id='word_1_366' title='bbox 1036 4034 1096 4087; x_wconf 85' lang='lat' dir='ltr'><strong>data</strong></span> <span class='ocrx_word' id='word_1_367' title='bbox 1116 4040 1173 4086; x_wconf 87' lang='lat' dir='ltr'><strong>erat</strong></span> 
     </span>
     <span class='ocr_line' id='line_1_41' title="bbox 87 4104 1172 4175; baseline -0.001 -16"><span class='ocrx_word' id='word_1_368' title='bbox 87 4123 117 4159; x_wconf 85' lang='lat' dir='ltr'><strong>ex</strong></span> <span class='ocrx_word' id='word_1_369' title='bbox 138 4107 220 4175; x_wconf 85' lang='lat' dir='ltr'><strong>regiis</strong></span> <span class='ocrx_word' id='word_1_370' title='bbox 240 4105 371 4158; x_wconf 88' lang='lat' dir='ltr'><strong>thesauris</strong></span> <span class='ocrx_word' id='word_1_371' title='bbox 391 4106 529 4174; x_wconf 88' lang='lat' dir='ltr'><strong>pecuniam</strong></span> <span class='ocrx_word' id='word_1_372' title='bbox 549 4104 581 4154; x_wconf 90' lang='lat' dir='ltr'><strong>sd</strong></span> <span class='ocrx_word' id='word_1_373' title='bbox 600 4118 643 4155; x_wconf 88' lang='lat' dir='ltr'><strong>res</strong></span> <span class='ocrx_word' id='word_1_374' title='bbox 662 4104 842 4155; x_wconf 79' lang='lat' dir='ltr'><strong>necessarias:</strong></span> <span class='ocrx_word' id='word_1_375' title='bbox 871 4106 994 4156; x_wconf 86' lang='lat' dir='ltr'><strong>etenim&#39;</strong></span> <span class='ocrx_word' id='word_1_376' title='bbox 986 4107 1095 4159; x_wconf 74' lang='lat' dir='ltr'><strong>inimice</strong></span> <span class='ocrx_word' id='word_1_377' title='bbox 1114 4107 1172 4158; x_wconf 82' lang='lat' dir='ltr'><strong>dis-</strong></span> 
     </span>
     <span class='ocr_line' id='line_1_42' title="bbox 84 4174 1173 4250; baseline -0.004 -19"><span class='ocrx_word' id='word_1_378' title='bbox 84 4180 179 4250; x_wconf 84' lang='lat' dir='ltr'><strong>positus</strong></span> <span class='ocrx_word' id='word_1_379' title='bbox 202 4178 331 4231; x_wconf 83' lang='lat' dir='ltr'><strong>adversus</strong></span> <span class='ocrx_word' id='word_1_380' title='bbox 361 4194 420 4230; x_wconf 89' lang='lat' dir='ltr'><strong>eum</strong></span> <span class='ocrx_word' id='word_1_381' title='bbox 442 4174 609 4243; x_wconf 82' lang='lat' dir='ltr'><strong>Nicephorus</strong></span> <span class='ocrx_word' id='word_1_382' title='bbox 641 4175 763 4243; x_wconf 84' lang='lat' dir='ltr'><strong>patrabat</strong></span> <span class='ocrx_word' id='word_1_383' title='bbox 786 4174 838 4227; x_wconf 91' lang='lat' dir='ltr'><strong>boc</strong></span> <span class='ocrx_word' id='word_1_384' title='bbox 860 4177 988 4245; x_wconf 86' lang='lat' dir='ltr'><strong>turpiter,</strong></span> <span class='ocrx_word' id='word_1_385' title='bbox 1017 4179 1120 4233; x_wconf 80' lang='lat' dir='ltr'><strong>invidis</strong></span> <span class='ocrx_word' id='word_1_386' title='bbox 1145 4182 1173 4227; x_wconf 87' lang='lat' dir='ltr'><strong>et</strong></span> 
     </span>
    </p>
   </div>
   <div class='ocr_carea' id='block_1_4' title="bbox 0 0 1435 4750">
    <p class='ocr_par' dir='ltr' id='par_1_4' title="bbox 0 0 1435 4750">
     <span class='ocr_line' id='line_1_43' title="bbox 0 0 1435 4750; baseline 0 0"><span class='ocrx_word' id='word_1_387' title='bbox 0 0 1435 4750; x_wconf 95' lang='lat' dir='ltr'><strong> </strong></span> 
     </span>
    </p>
   </div>
  </div>
 </body>
</html>
