2834 4750
253 295 327 376 'ret
430 273 433 280 ’
544 305 762 378 urcnmrs
791 241 1051 376 ammaonte

253 473 355 559 ίκείνη
376 466 434 554 ἔτι,
453 466 531 547 ἴσως
550 479 615 547 τοῖς
652 477 788 552 πολλοῖς,
811 471 866 534 ἐπί
891 472 951 553 γῆς
970 469 1094 549 άτίμισς
1112 462 1173 530 καί
1193 463 1366 548 περτωάά-

251 596 313 647 νιος
329 574 515 656 κατέδραθε,
535 577 662 656 μορίοις
674 565 879 655 πανταχόθεν
896 569 953 633 καί
971 565 1147 656 άφορητοις
1164 565 1366 651 περικλυζό-

251 696 346 753 μενος
366 681 431 750 τοῖς
454 677 489 736 ἐκ
510 677 572 738 τάν
593 676 753 755 λογισμῶν
771 669 828 735 καί
846 675 908 736 τάν
931 674 1002 734 κατ’
1025 662 1102 749 ὄψιν
1127 669 1282 752 οἷνιαρῶν
1301 666 1365 731 κά-

251 797 349 854 μασι·
393 781 434 862 τη·
449 776 480 838 δ’
502 777 656 859 ἐπαύριον
677 775 882 857 α’γγελθειοης
902 774 947 858 τῷ
960 770 1121 857 σοολτάνηι
1145 768 1206 832 καί
1226 771 1284 853 τῆς
1305 771 1366 833 τοῦ

250 876 409 955 βασιλέως
432 869 590 957 άλοάσεοσς,
609 877 697 959 χαρά
720 899 768 952 τις
795 867 928 950 άπλετος
942 872 1039 952 ,oport
1058 875 1116 935 καί
1138 873 1282 936 α’ποστία
1303 881 1388 933 ιτα-5

251 978 363 1057 τὲσχεν
386 977 492 1059 αιίτάν,
507 976 656 1057 ὀἰόμενον
686 971 729 1050 ὦς
751 975 881 1058 άληθῶς
907 978 988 1055 μέγα
1004 996 1037 1037 τι
1058 973 1114 1034 καί
1134 969 1365 1054 ὑπερμέγεθες

251 1069 334 1140 εἶναι
353 1074 388 1140 τό
411 1074 490 1159 μετά
512 1081 568 1158 τῆς
589 1071 681 1160 ἥττης
697 1081 753 1139 τοῦ
774 1076 929 1156 βασιλίως
961 1075 1018 1137 καί
1036 1072 1136 1138 αιίτόν
1156 1075 1285 1138 ἒκεῖνον
1305 1073 1365 1133 δο-

252 1176 417 1260 ροάλοοτον
440 1183 493 1243 καί
514 1180 637 1262 οἰκέτην
652 1181 771 1260 λαβεῖν.
815 1170 916 1251 οὕτως
938 1174 1150 1258 άνθροοπίνοος
1174 1177 1237 1237 καί
1251 1195 1363 1237 νοονε-

249 1277 317 1358 χιάς
340 1276 374 1341 τά
399 1281 583 1363 προτέρημα
605 1280 661 1360 τῆς
685 1279 771 1359 νίκης
797 1273 827 1340 οἱ
853 1278 986 1359 Τοάρκοι
1017 1277 1173 1356 εἰλεῖαντο,
1195 1274 1287 1358 μήτε
1303 1296 1363 1355 με·

251 1378 510 1464 γαλανχησαντες
541 1374 593 1445 οἶα
617 1387 711 1466 φιλεῖ
735 1382 810 1462 περί
829 1377 887 1452 τάς
909 1379 1062 1460 εάτοχίας
1092 1376 1137 1452 ὥς
1157 1381 1285 1442 ἐπίπαν
1306 1385 1397 1440 rae-10

253 1488 414 1564 ριπολεῖν,
443 1482 521 1566 μήτε
551 1486 588 1570 τῇ
608 1485 706 1568 οίκειήι
737 1479 872 1563 δυνάμει
907 1476 943 1545 τά
965 1476 1092 1561 γεγονάς
1112 1483 1360 1563 ἐπιτρέψαντες,

253 1579 335 1643 άλλά
361 1579 394 1644 τά
427 1583 490 1646 πάν
519 1584 563 1668 τῷ
591 1584 656 1669 θεῷ
678 1583 905 1666 άναφὲροντες,
939 1580 982 1656 ὥς
1006 1580 1119 1659 μεῖζον
1152 1571 1284 1662 ἢκατά
1308 1583 1361 1662 την

252 1676 377 1744 ἓαοτοάν
399 1677 494 1764 ίσχάν
517 1682 761 1757 α’ποτελίσαντες
789 1685 952 1767 τρόπαιον.
989 1678 1061 1744 ’διά
1081 1683 1177 1744 τοῦτο
1201 1683 1264 1744 καί
1284 1703 1362 1765 προ-

252 1784 426 1863 σαχθέντος
459 1787 502 1869 τῷ
540 1779 701 1869 σοολτάνῳ
734 1785 795 1848 τοῦ
814 1783 978 1864 ιβασιλίας
1010 1784 1044 1846 ἐν
1078 1784 1117 1868 τῇ
1149 1779 1289 1845 εάτελεῖ
1312 1786 1363 1845 καί

252 1886 468 1970 στρατιωτικῇ
489 1880 663 1970 άμπεχάνῃ,
685 1888 740 1948 καί
755 1876 852 1958 αὖθις
867 1886 1027 1967 διαπορῶν
1038 1872 1078 1966 ἦν
1097 1885 1154 1945 καί
1170 1887 1361 1968 μαρτυρίαν
1369 1883 1396 1934 ¹5

252 1987 328 2066 περί
345 1981 460 2048 τούτου
496 1987 607 2068 ζητοῦν.
662 1983 704 2059 ὥς
743 1986 773 2047 d’
802 1981 1049 2070 ἔπληροφσρηθη
1078 1984 1168 2067 παρά
1190 2007 1228 2048 τε
1256 1977 1361 2048 άλλοον

186 2122 191 2130 -
253 2089 309 2149 καί
327 2089 389 2150 τοῖν
409 2090 456 2161 εἰς
478 2085 578 2152 αάτὸν
600 2069 804 2172 α’φικομένοον
825 2089 899 2151 ποτὲ
922 2090 1096 2170 πρέσβεων,
1122 2086 1177 2150 τάν
1198 2089 1267 2150 τῶν
1284 2085 1362 2150 Ῥοι-

253 2187 358 2266 μαίονν
385 2191 520 2267 βασιλέα
551 2187 717 2271 τυγχάνειν
744 2185 795 2250 τάν
812 2185 1065 2270 παριστάμενον,
1087 2183 1186 2260 aridia
1208 2187 1361 2266 ἐξανέστη

252 2285 308 2348 καί
332 2284 446 2367 αὐτάς,
482 2286 537 2351 καί
555 2289 826 2371 περιπτοξάμενος
856 2292 966 2358 τοῦτον
982 2285 1047 2371 “pap
1071 2287 1196 2351 cie'dtd?
1217 2284 1301 2373 ἔφη,
1319 2277 1364 2349 “ni

251 2389 402 2470 βασιλεῦ,
423 2381 492 2452 ἄλλ’
523 2381 649 2466 εὔελπις
686 2388 740 2455 ἔσο
762 2390 823 2473 πρὸ
844 2390 985 2471 πάντων,
1008 2387 1050 2464 ὥς
1073 2387 1182 2459 οὐδενί
1203 2398 1397 2473 apocope-tlt

253 2488 359 2569 λήσεις
382 2486 517 2578 κινδύνῳ
538 2492 730 2577 σωματικῷ,
757 2492 917 2577 τιμηθηση
948 2493 978 2554 d’
1000 2476 1097 2569 άξίοοξ
1117 2491 1173 2570 τῆς
1195 2495 1255 2552 τοῦ
1281 2487 1364 2570 κρά-

253 2609 327 2660 τοος
359 2588 529 2674 ὑπεροχῆς.
572 2582 687 2675 άφρων
718 2590 777 2673 γάρ
807 2587 965 2665 ἔκεῖνοςά
997 2588 1041 2673 μη
1073 2587 1132 2664 τάς
1153 2586 1364 2673 άπρσάπτοος

128 2689 355 2770 [potarem
386 2690 433 2764 ἐξ·
450 2684 661 2776 άντεπιιροράς
692 2689 955 2774 είλαβοίμενος.”
1010 2691 1161 2770 ἐπιτάξας
1186 2681 1247 2756 οὖν
1270 2691 1364 2778 crispi

254 3012 313 3065 sine
343 3004 445 3063 honore
474 3019 500 3063 et
517 3009 680 3065 miserrimus
704 3010 816 3075 insedit,
844 3010 1081 3063 innumerabilibus
1099 3010 1218 3079 undique
1237 3020 1266 3063 ct
1285 3012 1361 3065 into.

253 3083 412 3147 letabilibus
432 3084 653 3136 considerationis
679 3092 706 3136 et
725 3084 899 3151 aegritudiuis
925 3098 994 3151 quae
1013 3090 1075 3134 ante
1094 3076 1187 3135 oeulos
1211 3093 1287 3135 esset
1305 3101 1360 3136 un.

253 3158 293 3208 dis
312 3156 474 3208 submersus.
511 3163 620 3222 postero
638 3164 726 3207 autern
745 3156 789 3207 die
808 3170 866 3206 cum
884 3152 964 3205 etiam
982 3170 1074 3222 regem
1093 3162 1196 3221 captum
1216 3170 1280 3207 esse
1299 3156 1360 3207 sul-

253 3234 316 3280 tano
333 3227 481 3279 nuntiatum
508 3235 594 3291 esset,
614 3227 739 3295 gaudium
766 3227 920 3277 immensum
939 3225 1018 3278 simul
1037 3234 1064 3277 et
1082 3225 1211 3277 dubitatio
1232 3242 1295 3277 eum
1314 3235 1359 3277 te.

251 3297 343 3362 nebat,
363 3314 422 3349 crum
441 3306 546 3364 putaret
563 3313 684 3365 magnam
702 3312 799 3349 revera
817 3314 872 3349 rem
891 3306 920 3355 et
939 3298 1074 3367 ingentem
1094 3312 1164 3360 esse,
1180 3298 1253 3364 quod
1274 3313 1358 3364 prae.

252 3377 295 3419 ter
315 3367 416 3419 cladem
434 3369 507 3436 regis
538 3370 616 3420 etiam
639 3368 723 3437 illum
752 3372 837 3436 ipsum
864 3376 968 3436 captum
988 3378 1015 3420 et
1034 3383 1141 3421 servum
1159 3367 1283 3419 haberet.
1320 3370 1357 3419 ita

231 3440 330 3502 xmodo
358 3439 472 3489 humano
501 3447 527 3489 et
554 3440 698 3506 prudenter
727 3442 890 3492 commodum
909 3441 1039 3493 victoriae
1063 3440 1162 3491 Tureae
1181 3448 1355 3507 acceperunt,

251 3527 342 3579 neque
361 3509 523 3578 gloriantes,
551 3518 579 3561 ut
604 3512 631 3562 in
656 3505 740 3563 rebus=
757 3512 881 3565 secundis
906 3511 1063 3580 plerumque
1082 3511 1140 3562 lieri
1158 3509 1246 3575 solet,
1264 3526 1355 3578 neque

251 3586 371 3650 ipsorum
390 3582 475 3648 copiis
488 3582 584 3633 lactum
605 3582 762 3651 tribuentes,
780 3584 828 3634 sed
847 3591 930 3635 totum
944 3582 975 3634 ad
995 3584 1071 3634 deum
1086 3581 1237 3633 relerentes
1255 3583 1356 3649 quippe

253 3656 300 3723 qui
318 3654 419 3705 maiora
445 3668 521 3720 quam
541 3668 589 3719 pro
609 3654 727 3719 ipsorum
755 3656 783 3705 vi
803 3653 931 3722 trophaea
957 3654 1145 3706 confecissent.
1183 3652 1355 3721 quamobrem

255 3728 334 3777 etiam
352 3733 491 3792 postquam
520 3725 647 3776 adductus
676 3734 717 3776 est
740 3726 773 3777 ad
798 3725 930 3777 sultanum
954 3741 1003 3776 rex
1025 3724 1075 3777 vili
1105 3734 1131 3776 et
1149 3724 1260 3775 militari
1277 3732 1356 3775 ueste

252 3797 371 3858 indutus,
389 3812 481 3849 rursus
499 3794 548 3847 ille
568 3794 716 3848 haesitabat
736 3804 763 3847 et
780 3798 963 3857 testimouium
984 3798 1018 3848 de
1043 3795 1093 3847 illo
1113 3796 1276 3864 quaerebat:
1296 3810 1354 3848 curn

254 3872 342 3915 autem
372 3868 397 3917 ei
416 3864 578 3934 'persuasum
605 3876 676 3919 esset
695 3876 722 3919 et
739 3866 772 3919 ab
790 3867 852 3920 aliis
874 3876 901 3919 et
929 3868 1059 3936 elegatis
1081 3869 1126 3934 qui
1146 3866 1210 3919 olim
1228 3868 1261 3919 ad
1278 3866 1354 3918 illum

253 3936 429 4002 ventitabant,
451 3938 527 3989 illum
547 3940 592 4006 qui
611 3940 728 3991 adstaret
747 3955 806 3991 esse
819 3940 979 3993 Graecorum
997 3956 1099 4009 regem,
1118 3948 1172 3991 tum
1193 3941 1310 3991 surrexit
1328 3945 1355 3987 et

253 4008 313 4074 ipse
343 4014 369 4057 et
394 4008 532 4073 amplexus
558 4010 637 4061 hunc.
669 4027 720 4073 ¹ue
747 4014 856 4076 timeas,
887 4010 1353 4080 inquit,re1:sedtranqnillosis

252 4078 340 4127 animo
361 4092 449 4129 coram
468 4080 604 4145 omnibus,
630 4099 694 4149 cum
709 4084 736 4134 in
763 4083 866 4136 nullum
896 4086 1016 4150 corporis
1039 4082 1188 4150 periculum
1214 4086 1352 4136 incasurus

232 4149 306 4202 sis:
325 4149 372 4201 sed
389 4147 564 4205 honoraberis
583 4153 664 4220 digne
683 4157 820 4220 potentiae
839 4156 1011 4222 principatu:
1036 4156 1187 4224 imprudens
1207 4157 1276 4207 enim
1294 4151 1351 4217 illc,

252 4220 299 4289 qui
317 4221 478 4288 improvisos
506 4236 583 4276 casus
609 4238 642 4273 ex
673 4224 779 4276 ultione
804 4239 859 4276 non
883 4227 983 4278 timeat.
1026 4227 1160 4295 imperans
1179 4227 1264 4295 igitur
1280 4231 1309 4276 ut
1325 4224 1350 4275 ei
