2834 4750
247 227 336 340 tte
551 265 776 338 muamus
802 265 1064 335 Ammonia

155 431 159 440 ’
259 435 327 500 aer
346 431 580 514 στρατιατικιόκ
599 433 807 516 παρατάξτονν
829 423 886 514 (ήν
905 433 1012 495 δίκαι’
1025 433 1121 505 τόπος
1141 425 1274 514 ρτίαιιος
1297 430 1381 507 τάξιν

260 535 404 617 ἐπέχον,
427 537 461 612 ἐξ
484 526 636 615 ἑκατέρου
656 535 779 615 με’ρους
798 537 926 613 βουνοῖς
947 530 1179 613 συνεχόμενος,
1203 531 1274 616 ἀφ’
1297 521 1380 595 ἀνί

263 631 431 717 ἀριστερός
465 631 543 708 τοός
571 635 743 714 πολεμίους
778 625 865 715 εἶχεν
891 635 943 696 ἀπ’
969 630 1150 715 ἀκρωρείας
1182 629 1382 713 ἱσταμένους

261 733 342 799 md
362 731 398 799 τό
421 734 593 820 ἀσφαλές),
616 737 675 797 τοῦ
682 756 715 796 τε
735 735 850 797 λοιποῦ
871 733 1017 817 πλήθους
1035 730 1110 815 περί
1130 731 1195 814 τήν
1218 729 1382 795 ἀπόθεσιν

260 839 323 902 τῶν
344 838 513 922 φορτηγῶν
538 834 629 913 ζοόοιν
649 834 891 918 ήσχολήμίνου,
922 835 1050 915 καὶτῆς
1078 831 1246 914 οὐραγίας
1267 836 1402 918 ἔρειο-5

147 973 151 982 ·
260 941 357 1021 μέν’ής
378 939 434 1001 καί
454 931 723 1018 ἀντιπολεμοόσης
741 943 808 1008 τοῖς
828 934 1059 1016 &appetitam
1076 934 1142 996 auls
1165 936 1384 1016 Σαρακηνυόν,

254 1035 396 1122 Ἀραβες
426 1034 486 1101 δόυ
513 1036 668 1110 λαθόντες
689 1033 822 1099 κατόπιν
847 1037 904 1118 τῆς
925 1035 1121 1120 ἀκρωρείας,
1143 1035 1205 1097 καί
1225 1032 1308 1110 τοός
1327 1033 1384 1097 ῗπ·

263 1161 341 1214 πους
364 1134 427 1202 ἀπό
457 1133 606 1221 ῥυτήρων
638 1134 825 1220 ἐλάσαντες,
854 1138 906 1200 ἐπ’
945 1130 1046 1218 ἀκρου
1078 1137 1384 1222 τῆς-παρεμβολῆς

263 1236 432 1324 όφσρμοόσι
443 1285 454 1314 ,
475 1235 531 1300 καί
553 1235 612 1299 dale
633 1239 696 1299 τάν
718 1240 823 1314 πεζοόν
848 1244 918 1311 ταῖς
940 1236 1074 1319 λόγχαις
1091 1234 1299 1319 ἀναιροῦσιν
1320 1233 1383 1298 αό-

263 1339 334 1403 τοόν.
377 1333 434 1413 σός
463 1336 480 1400 ό
509 1335 661 1418 βασιλεὺς
694 1338 820 1417 προότος
838 1340 902 1401 τιόν
922 1339 1041 1400 λοιπῶν
1062 1333 1300 1415 θεασάμενος,
1333 1334 1384 1397 καί
1389 1349 1412 1403 tt

265 1439 357 1525 φωνή
379 1435 605 1522 καταμήνόσας
632 1435 692 1518 τήν
715 1433 851 1520 ἔφοδον,
885 1439 1072 1520 διανέστήστ
1089 1438 1150 1518 μὲν
1174 1433 1260 1510 νοός
1284 1461 1382 1517 στρα-

264 1535 380 1613 τιοότας
413 1540 459 1612 εἰς
482 1538 602 1617 δίωξιν,
624 1535 656 1598 οἳ
681 1537 717 1600 δὲ
739 1537 924 1621 φθάσαντες
951 1533 1079 1624 ἐξαισίῳ
1102 1535 1219 1624 δρόμιρ
1244 1537 1316 1600 τῶν
1335 1537 1381 1599 ἳπ-

265 1659 334 1702 πων
355 1639 402 1712 τίς
421 1635 457 1701 τό
482 1634 597 1700 otacus
616 1637 830 1719 στρατόπεδον
852 1635 1071 1720 ἀνεσώθησαν.

370 1735 448 1801 Τότε
477 1737 539 1817 μὲν
572 1729 631 1801 υάν
651 1735 969 1819 διανυκτερεόσαντες
999 1737 1057 1800 uda
1085 1735 1237 1821 ἀμαχητὶ
1258 1744 1382 1822 (περιε-

265 1839 408 1922 βόμβουν
426 1835 488 1921 γὰρ
509 1833 630 1913 ἔξωθεν
651 1834 787 1913 ὑλακαῖς
814 1836 951 1921 ἀσήμοις
974 1829 1185 1924 οἷ’Λραβες),
1207 1841 1255 1924 τῇ
1279 1840 1411 1902 eund-it

267 1961 336 2024 ριυν
361 1931 495 2023 όραντες
522 1939 568 2010 εἰς
598 1937 654 2021 τήν
671 1933 851 2022 Ῥωμαϊκήν
883 1935 1080 2019 ἐπεβάλομεν
1097 1939 1178 2023 γῆν,
1210 1934 1308 2004 οὕτω
1327 1944 1382 2019 μὲν

267 2044 469 2124 τυπσυμὲνήν
501 2039 535 2100 ἐκ
553 2043 618 2101 τοόν
639 2035 757 2121 όριόον,
782 2041 1113 2122 προκατειργασμίνην
1144 2041 1182 2104 δὲ
1209 2039 1271 2102 καί
1302 2040 1382 2102 ἀνό-

268 2161 385 2204 στατον
405 2132 514 2215 οὖσαν,
537 2140 568 2201 εἰ
587 2138 670 2220 τόχα
693 2143 749 2201 κατ’
776 2137 937 2222 ἀγαθότης
958 2131 997 2221 ήν
1026 2137 1082 2202 καί
1099 2138 1251 2222 χρήματι
1270 2142 1382 2203 καλλί-

268 2245 331 2328 ότιρ
352 2237 407 2304 καί
427 2242 565 2329 μεγίστῳ
599 2242 663 2326 τάν
685 2263 720 2302 τε
741 2233 847 2304 ἀλλων
866 2243 921 2302 καί
948 2237 1055 2302 attus
1081 2242 1143 2301 τοῖν
1165 2239 1289 2303 ἐλαιιόν
1310 2244 1383 2322 βρί-

268 2347 398 2421 θουσα,
425 2341 507 2424 πλήν
539 2343 570 2407 εἰ
589 2341 698 2425 μήπου
720 2340 879 2424 προϊόντες
904 2336 1107 2425 κρησφόγετά
1136 2362 1208 2402 τινα
1228 2339 1412 2423 cipitur-u

211 2528 215 2535 ι
268 2468 346 2525 μιν,
366 2439 557 2527 βραχύτατοί
582 2466 653 2506 τινα
680 2444 966 2527 συντηροῦντατής
988 2442 1097 2525 χιόρας
1117 2438 1239 2525 ἐκείνης
1264 2439 1385 2523 ἐπίμο-

269 2564 310 2609 κιι
331 2549 480 2627 λείψανα.
524 2545 704 2617 διελθόντες
731 2536 792 2607 ndu
809 2544 974 2619 τοιούτους
995 2541 1110 2617 τόπους
1131 2540 1273 2617 πολλοός
1297 2540 1383 2606 atet

270 2646 330 2707 τοί
346 2644 469 2729 Ἀρτάχ
492 2646 690 2725 ἐβαδίζομεν.
734 2644 769 2707 τό
795 2647 831 2708 δὲ
861 2646 1008 2708 retostus
1030 2642 1164 2729 κόστρον
1186 2640 1256 2708 ἐστι’
1277 2668 1385 2727 στρα-

343 2795 370 2846 5.
391 2794 586 2869 ἐφεζομένηςλ
603 2797 737 2865 interpres
754 2798 945 2871 ἐφεπομένιις.
1065 2794 1110 2849 20.
1131 2794 1331 2869 εὑρισκόμενα
1350 2796 1380 2861 0,

343 2863 514 2941 εὑρίσκομεν
528 2872 578 2923 καὶ
595 2870 738 2936 interpres.
818 2870 882 2941 0²¹·
901 2887 982 2928 τινας
999 2868 1029 2923 0.

271 3014 374 3067 tinebat
391 3023 480 3067 autem
498 3018 578 3069 etium
596 3017 673 3071 locus
691 3017 819 3069 torrentis
838 3017 961 3083 spatium,
981 3015 1014 3067 alt
1033 3023 1146 3083 utraque
1164 3020 1242 3081 parte
1261 3014 1382 3066 collibus

271 3088 457 3153 circumdatus,
477 3104 493 3141 a
512 3089 607 3158 quibus
625 3090 761 3143 sinistrum
780 3104 863 3139 cornu
882 3087 973 3139 hostes
993 3086 1109 3163 ilabebat
1129 3087 1157 3137 in
1175 3088 1281 3138 vertice
1305 3096 1381 3139 stan-

271 3168 312 3212 tes
330 3160 359 3211 in
377 3168 434 3213 tuto
454 3192 488 3203 -
508 3171 536 3214 et
553 3162 615 3213 dum
626 3162 739 3231 ¹reliqua
756 3160 896 3213 multitudo
916 3161 988 3210 circa
1008 3157 1182 3226 expedienda·
1192 3159 1317 3210 iumenta
1333 3174 1380 3209 uc-

272 3239 367 3298 cuputn
387 3240 427 3283 est
445 3241 472 3284 et
490 3233 577 3285 ultimi
597 3242 623 3285 et
642 3233 745 3285 bellant
763 3239 856 3284 contra
873 3231 1021 3298 incidentes
1033 3230 1193 3293 Saracenos,
1203 3229 1311 3282 Arabes
1329 3231 1380 3282 duo

272 3310 335 3369 post
352 3304 480 3355 verticem
500 3304 614 3356 latentes
635 3314 661 3356 et
687 3321 769 3372 equos
794 3304 913 3356 remissis
939 3303 1023 3354 irenis
1048 3301 1190 3353 incitantes
1217 3301 1253 3351 ad
1278 3316 1380 3353 summa

273 3381 361 3425 castra
378 3375 555 3426 contendunt:
577 3383 603 3426 et
622 3376 688 3428 duos
707 3377 811 3441 pedites
832 3374 933 3427 lanceis
962 3373 1126 3428 interficiunt
1158 3386 1265 3437 eorum,
1294 3388 1379 3441 qnos.

273 3444 379 3513 quidem
396 3458 447 3495 rex
466 3446 566 3511 primus
583 3445 749 3513 reliquorum
769 3448 864 3499 videns
890 3454 916 3497 et
934 3445 1003 3497 udce
1023 3446 1144 3497 indicans
1162 3444 1309 3509 impetum,
1338 3445 1380 3494 di-

273 3516 341 3569 vidit
358 3514 457 3567 milites
480 3515 514 3566 ad
528 3518 762 3580 persecutionem.
807 3517 849 3569 illi
873 3525 961 3569 autem
986 3517 1147 3585 effugientes
1172 3517 1278 3583 ingenti
1300 3531 1379 3568 cursu

275 3600 403 3655 equorum
422 3587 454 3637 ad
473 3601 521 3638 sua
540 3593 627 3637 castra
654 3587 756 3639 servati
782 3596 850 3640 sunt.

374 3674 437 3725 Turn
466 3675 548 3741 igitur
566 3682 673 3726 noctem
697 3676 827 3745 degentes
852 3693 908 3730 non
931 3680 990 3730 sine
1012 3692 1111 3747 pugna,
1138 3708 1172 3720 -
1194 3679 1380 3730 circumsona.

275 3749 338 3799 bant
365 3746 435 3795 enim
464 3746 629 3798 extrinsecus
657 3746 797 3800 latratibus
816 3750 926 3801 incertis
944 3751 1046 3803 Arabes
1080 3782 1115 3791 -
1150 3766 1227 3801 mane
1262 3751 1379 3817 prefecti

275 3818 302 3866 in
334 3814 459 3866 Graecam
487 3817 626 3871 incidimus
658 3828 756 3871 terram
780 3822 818 3872 ita
850 3822 988 3873 formatam
1014 3822 1159 3874 secundnm
1191 3823 1275 3884 lines,
1313 3837 1380 3873 cen-

276 3888 374 3938 lectam
408 3894 495 3937 autem
523 3896 601 3940 antea
633 3900 659 3943 et
687 3892 835 3955 desertum,
869 3894 948 3943 etiam
982 3896 1007 3946 si
1036 3896 1107 3945 forte
1133 3894 1197 3945 boni
1230 3894 1292 3961 qnid
1324 3900 1379 3943 erat

275 3965 303 4009 et
333 3970 363 4005 re
398 3956 577 4023 pulcherrima
607 3972 633 4015 et
661 3966 773 4015 maxima
810 3973 837 4015 et
871 3973 1019 4017 ceterarum
1053 3974 1080 4017 et
1117 3966 1234 4032 ipsarum
1260 3965 1378 4015 olearum

276 4028 375 4111 plena„
400 4031 453 4081 nisi
482 4033 571 4099 quod,
600 4036 675 4087 nullo
704 4037 765 4088 loco
793 4038 971 4104 procedentes
1005 4038 1122 4089 latebras
1146 4038 1299 4089 invenimus
1335 4034 1376 4087 vel

276 4100 396 4153 mlnrmas
430 4112 568 4158 servantes
607 4117 695 4161 terrae
724 4108 797 4161 illius
817 4117 986 4161 remanentes
1019 4109 1158 4178 reliquias.
1213 4109 1376 4175 pervenien-

276 4181 317 4225 tes
339 4172 421 4241 igitur
439 4174 504 4229 talla
526 4176 586 4231 luca
611 4181 693 4232 inulta
719 4189 827 4232 econtra
856 4182 890 4232 ad
904 4181 1005 4233 Artach
1035 4179 1280 4248 proficiscebamur.
1329 4180 1375 4231 liet
