2834 4750
258 291 280 344 x
441 264 695 348 ‘wtastmar
725 284 904 348 samari
933 287 988 348 ns
1015 284 1165 350 rursm

258 449 381 542 verba,
407 473 501 546 qnae
527 453 566 523 in
592 447 697 524 usum
726 474 849 525 meum
866 455 1023 524 contulit
1046 454 1101 523 vir
1113 451 1156 523 'cl.
1186 463 1221 522 et
1244 474 1357 521 orna-

259 560 418 645 tissimus
445 574 651 670 eruditione
678 577 904 673 haboulaye',
932 578 1144 672 conspirant
1170 600 1254 647 cum
1288 599 1356 646 co-

257 697 338 770 dice
356 699 539 794 Parisino,
564 701 631 774 nisi
656 700 759 798 quod
785 703 823 774 in
834 702 1079 774 Escoriacensi
1107 700 1209 774 deest
1225 701 1354 772 folium

242 849 371 900 -unum
398 825 504 898 initio
533 839 569 898 et
592 827 823 924 abrumpitur
848 851 968 898 sermo
994 828 1198 924 postrerha
1222 827 1258 896 οἱ
1284 851 1355 895 πο-

253 947 376 1042 λέμιοι
401 945 465 1032 τῆς
491 945 783 1050 στρατοπεδείας
809 947 1072 1048 α’πόσχονται,
1101 976 1210 1049 quae·
1224 952 1354 1048 legun-

254 1085 314 1148 tur
339 1075 379 1150 in
401 1073 484 1146 cod.
513 1073 737 1176 Coisliniauo
765 1077 826 1147 fot.
854 1082 924 1148 211
953 1102 1082 1172 verso,
1110 1077 1222 1175 ,tertia
1247 1090 1353 1177 parte

159 1282 164 1288 ‚
254 1198 338 1272 libri
367 1212 403 1270 et
425 1201 580 1296 amplius
599 1202 742 1273 amissa.
1178 1282 1180 1287 ,

353 1323 459 1397 Solus
485 1325 605 1423 igitur,
633 1326 738 1423 quod
760 1324 1136 1420 sciam,Coislinianus
1158 1323 1276 1396 codex
1292 1325 1352 1396 in-

253 1462 389 1546 tegram
407 1447 526 1522 nobis
552 1452 703 1524 serravit
728 1452 913 1523 Michaelis
929 1451 1121 1526 Attaliatae
1147 1450 1351 1521 historiam.

253 1573 380 1669 Neque
405 1575 466 1645 illa
494 1574 645 1671 quidem
673 1574 810 1647 diutius
843 1577 882 1648 in
902 1576 1222 1647 ‚bibliothecarum
1263 1575 1354 1645 late·

173 1746 184 1766 .
250 1697 331 1770 bris
358 1677 568 1772 delitescere
597 1699 737 1794 debuit,
762 1725 877 1797 quum
903 1701 1018 1772 multa
1043 1700 1112 1773 alia
1126 1702 1259 1797 scripta
1282 1702 1355 1770 mi·

255 1825 356 1898 noris
382 1829 561 1899 momenti
586 1828 682 1924 typis
709 1851 875 1923 expressa
901 1828 983 1899 sint.
1013 1828 1212 1900 Fatendum
1228 1842 1353 1898 umen

254 1974 332 2024 oon
358 1975 534 2048 apparere
562 1954 687 2025 omnia
714 1953 751 2024 in
778 1977 821 2024 ea
848 1977 942 2024 nora
969 1965 1005 2024 et
1029 1927 1203 2026 inaudita.
1261 1951 1354 2024 lllul·

254 2088 314 2146 tae
334 2076 434 2148 enim
452 2077 647 2149 verborum
664 2077 1029 2174 comprehensiones,
1045 2078 1230 2150 interdum
1243 2079 1351 2148 etiam

257 2199 417 2298 integrae
432 2188 616 2300 paginae,
648 2202 774 2299 paucis
800 2203 946 2274 mutatis
972 2205 1141 2300 leguntur
1166 2203 1263 2274 inter
1287 2201 1354 2272 ad·
1412 2232 1413 2239 ¹

253 2323 458 2425 ditamenta
497 2353 592 2426 qnae
627 2329 695 2402 sub
733 2323 884 2401 nomine
915 2319 1062 2401 loannis
1093 2327 1266 2426 Scylitzae
1306 2326 1355 2400 ad
1412 2322 1413 2331 '

229 2452 390 2531 ‘calcem
418 2450 588 2557 ,cedreni
615 2452 713 2525 edita
745 2468 840 2527 sunt.
899 2454 1002 2527 Unde
1034 2454 1076 2526 fit
1114 2468 1156 2527 ut
1187 2454 1352 2551 quaestio

256 2579 341 2651 satis
357 2566 555 2675 implicata,
580 2580 750 2676 quisnam
770 2581 817 2651 sit
841 2581 949 2652 huius
975 2580 1149 2653 historiae
1174 2582 1355 2677 legitimus

164 2734 177 2751 ⁸
258 2716 398 2799 auctor,
423 2728 556 2777 novam
583 2704 890 2801 disceptationem
917 2708 1090 2803 requirat.
1144 2703 1352 2779 Cedrenum
1411 2725 1412 2764 l

259 2818 357 2903 enirn
394 2830 473 2923 alii,
506 2831 566 2904 alii
595 2830 786 2929 Scylitzem
819 2831 903 2926 furti
945 2846 1219 2905 accusaverunt:
1255 2857 1357 2905 nune

255 2954 383 3029 tertius
418 2956 458 3027 in
484 2954 661 3029 iudicium
702 2958 912 3052 supervenit
935 2957 1128 3029 Attaliates.
1189 2957 1264 3029 lam
1300 2960 1357 3029 vir

256 3060 490 3155 doctissimus
517 3082 654 3176 llasius,
679 3083 852 3179 inspectis
874 3084 981 3155 variis
1003 3066 1176 3180 Scylitzae
1213 3082 1358 3155 codini-

254 3207 342 3300 bus,
368 3207 492 3279 statuit
507 3208 531 3294 ¹)
559 3207 749 3304 Scylitzem
778 3208 936 3304 primum
964 3210 1213 3305 composuisse
1232 3208 1357 3305 Syno-

253 3331 338 3427 psiu
351 3331 585 3405 historiarum
605 3355 625 3404 a
640 3333 848 3430 Nicephoro
864 3329 941 3402 α’πὸ
959 3327 1109 3403 Γενικῶν
1136 3334 1294 3431 Augusto
1307 3333 1358 3405 ad

253 3454 559 3531 lsaaeiComncni
581 3450 779 3557 imperium
799 3464 1027 3553 ann01057,
1054 3484 1165 3555 quam
1192 3459 1266 3531 fere
1297 3460 1360 3530 in-

251 3596 394 3679 tegram
410 3580 598 3659 Cedrenus
622 3587 804 3659 transtulit
830 3586 868 3657 in
896 3585 1158 3681 compendium
1178 3611 1284 3657 suum
1300 3586 1361 3657 hi-

257 3707 444 3780 storicum.
505 3711 634 3781 Postea
667 3734 754 3782 sero
795 3706 893 3780 idern
929 3709 1124 3806 Scylitzes,
1158 3712 1204 3781 ab
1232 3710 1359 3781 Alexio

256 3828 449 3905 Comneno
473 3836 704 3933 curopalatae
732 3859 885 3906 munere
904 3849 1042 3929 auctus,
1051 3836 1240 3917 historiam
1254 3861 1360 3910 suam

259 4008 458 4022 ..ια-,-

358 4108 387 4175 1)
407 4102 438 4155 ln
457 4102 603 4159 comment.
626 4106 658 4159 do
682 4105 868 4175 loannebydo
890 4105 960 4174 p.33
980 4108 1009 4157 in
1019 4105 1090 4159 libro
1105 4105 1179 4159 loon.
1195 4106 1274 4161 Lacr.
1293 4107 1364 4176 Lydi

258 4202 291 4255 de
308 4200 524 4270 magistratibus,
542 4200 650 4255 Parisiis
665 4202 742 4256 1812.
971 4188 980 4201 ⁸
