2834 4750
510 299 720 371 maronie
1095 300 1175 372 ³07

70 486 185 543 στερον
205 460 261 527 καί
281 458 487 546 ἰσχυρότερον
512 466 708 546 καταστῆσαι
728 458 913 537 σπουδάσας
935 464 980 537 είς
1000 460 1177 547 Χρυσόπο-

71 570 123 627 λιν
146 566 452 645 ίιαπορθμευθήναι
472 571 632 646 πεποίηκε.
675 567 730 628 καί
753 554 791 645 ἧν
814 562 901 637 ἐλπίς
922 559 1080 646 ἐνωθήναι
1099 566 1177 631 τού-

70 688 147 739 τους
166 661 249 744 ’μετὰ
273 667 334 729 τόν
365 666 634 748 πραηγησαμένοον
655 666 876 744 στρατιωτῶν,
909 667 963 727 καί
984 668 1028 738 εἰς
1054 671 1175 750 πλῆθος

70 767 217 850 α’ρθήναι
233 768 327 846 μίγα,
349 769 404 829 ιιαί
421 768 481 827 ruia
507 762 657 846 Τούριτων
679 764 735 848 τήν
757 760 840 828 ἐοόαν
862 768 1088 848 ἐλευθερῶσαι,
1122 769 1176 831 καί

30 864 147 942 5τούς
178 870 428 949 ταραττομένους
465 866 643 941 ύποιιλινεῖς
679 871 811 948 ποιήσαι
842 866 896 930 καί
922 863 1002 948 πρός
1031 864 1174 950 ὑπακοήν

70 964 370 1049 μεθαρμόσασθαι,
396 965 451 1030 καί
471 970 665 1048 καταστῆσαι
691 974 755 1042 τοῖς
775 970 809 1031 ἐκ
832 971 887 1032 τού
914 969 1070 1048 βασιλέως
1103 966 1176 1049 ἦγε-

69 1073 213 1146 μονικοῖς
238 1066 293 1129 καί
319 1065 538 1151 μεγαλόφροσι
560 1066 803 1149 στρατηγήμασι
825 1064 859 1129 τό
882 1070 1062 1150 τηλικούτου
1082 1060 1177 1148 μόρος

70 1171 131 1250 τῆς
152 1168 339 1251 οἰκουμένης
358 1171 413 1231 καί
436 1170 481 1243 εἰς
498 1165 638 1250 γαλήνην
659 1168 715 1230 καί
735 1172 885 1252 νηνεμίαν
907 1170 1098 1249 περιστῆσαι
1124 1169 1176 1231 καί

70 1260 192 1331 όινεσιν.
235 1266 251 1330 ό
276 1270 312 1333 δὲ
337 1264 556 1343 Κωνστόντιος
580 1270 705 1333 ἐναντία
726 1270 846 1333 τούτων
867 1265 991 1332 πόντων
1014 1265 1177 1352 φρονήσας
1240 1292 1245 1313 ι

9 1382 60 1434 10
71 1373 129 1432 καί
149 1371 418 1453 διανοησόμενος,
442 1374 495 1433 καί
512 1373 596 1454 μηδὲ
617 1367 675 1451 τήν
697 1370 790 1433 θειάν
815 1373 903 1453 δίκην
928 1369 1121 1452 εὐλαβηθείς
1149 1368 1179 1431 εἰ

70 1467 234 1534 τοσούτων
252 1472 357 1534 κακῶν
377 1474 420 1557 spi
440 1493 475 1534 τε
498 1468 604 1561 ν’όσμιρ
625 1472 681 1535 ναί
700 1470 787 1559 αύτῷ
806 1477 937 1553 βασιλεῖ
953 1473 1007 1535 καί
1033 1479 1095 1544 τοῖς
1117 1474 1207 1533 act-i·
1222 1472 1305 1532 2361.

64 1574 137 1644 λιός
158 1574 419 1657 βασιλευομένοις
444 1573 592 1654 πρόξενος
619 1577 768 1657 γε’νηται,
796 1577 851 1636 καί
869 1574 949 1657 μηδὲ
971 1569 1027 1653 τήν
1058 1572 1178 1635 uiuoru-

73 1675 151 1752 χίαν
175 1670 356 1753 ύποπτήξας
374 1674 433 1734 τού
455 1672 692 1756 ἐγχειρήματος,
713 1677 892 1756 νεωτεριζει
915 1670 991 1737 κατὰ
1011 1676 1071 1735 τού
1080 1677 1177 1754 βασι-

72 1775 171 1851 λέως,
194 1774 249 1834 καί
267 1774 322 1853 τῆς
343 1771 488 1857 κατάντης
513 1774 711 1847 α’πσστασίας
731 1782 795 1847 τοῖς
817 1774 1045 1855 στρατιώταις,
1066 1770 1092 1837 (ό
1119 1778 1177 1855 τῆς

14 1891 61 1943 15
72 1872 270 1956 α’παπληξιάἒ
291 1876 346 1935 ναί
364 1875 423 1936 τού
445 1873 755 1957 όνασιοοργήματος,
776 1876 980 1953 μεταδίδωσι.
1023 1871 1177 1956 πρότερον

69 1971 135 2055 γὰρ
158 1971 351 2054 συμβούλοις
372 1983 436 2048 τοῖς
457 1975 678 2056 πονηροτάτοις
697 1978 731 2037 ἐκ
744 1975 867 2038 τούτων
888 1978 942 2037 καί
964 1971 1066 2055 δήμου
1096 1972 1177 2036 α’νό-

71 2097 170 2147 πταις
192 2073 402 2157 χρησόμενος,
424 2070 558 2157 ύστερον
581 2073 758 2163 α’φίσταται
784 2072 863 2156 πρός
886 2073 1006 2151 αύτούς
1025 2078 1060 2139 ἐν
1083 2078 1178 2156 Χρυ-

71 2171 205 2238 σοπόλει
226 2171 283 2258 τήν
294 2172 509 2260 ’παρεμβολήν
532 2172 675 2256 ἔχοντας,
698 2177 754 2238 καί
772 2173 807 2238 τό
819 2178 941 2256 πλῆθος
962 2176 1105 2251 ἐνσείσας
1115 2182 1176 2259 βα-

71 2277 166 2338 σιλέα
187 2277 297 2339 τοῦτον
318 2276 531 2358 α’ναγορεύσαι
556 2277 596 2338 δι’
617 2277 828 2357 α’ποστατικῆς
850 2278 1020 2355 μεθοδείας
1050 2298 1172 2357 περιερ-

19 2393 62 2446 20
71 2370 216 2461 γόζεται,
237 2381 298 2440 τού
320 2380 433 2465 λοιποῦ
456 2381 588 2463 στίφους
599 2379 664 2440 τιόν
684 2373 729 2458 μή
753 2379 1069 2460 συγκοινωνησόντων
1090 2376 1176 2462 αύτῷ

6 2485 15 2499 '
72 2481 129 2558 τῆς
152 2477 299 2558 α’θέσμου
320 2481 440 2560 βουλῆς
464 2482 506 2564 τῷ
529 2475 698 2564 παραδόξῳ
730 2479 784 2560 τής
807 2478 902 2559 α’κοῆς
929 2480 1176 2560 διαπορηθέντος

72 2579 129 2641 καί
148 2577 335 2662 α’μφιβόλον
359 2583 540 2660 γενομένου.
586 2579 640 2641 καί
666 2573 745 2658 μήτε
771 2580 829 2640 τού
852 2577 1022 2657 διδομένου
1052 2576 1175 2653 τούτοις

73 2677 222 2762 όρχηγού
243 2676 482 2762 παρατυχόντος
498 2681 600 2743 ἐκεῖσε
617 2674 670 2742 toi
690 2678 725 2742 τό
749 2682 788 2766 τῇ
804 2678 1019 2769 βασιλευούσῃ
1041 2675 1088 2742 ἔτι
1104 2677 1175 2744 ἐπιε-

74 2779 197 2861 δημεῑν,
219 2779 330 2856 στόσις
351 2780 505 2865 ἐμφύλιος
522 2785 638 2864 γέγονε,
661 2783 717 2844 καί
736 2773 853 2864 ἤρξατο
864 2780 925 2845 siud
946 2783 1051 2867 τρίτης
1066 2787 1176 2868 φυλα-

150 2913 192 2967 10.
211 2915 249 2984 εί]
273 2917 314 2978 είς
331 2913 361 2969 0.
406 2943 413 2954 ι
454 2915 496 2968 1o.
519 2913 597 2988 δήμῳ
615 2914 645 2969 G.

77 3059 236 3126 sperandum
251 3068 317 3125 erat,
333 3062 502 3113 coniunctum
514 3062 548 3113 iri
561 3061 611 3113 hos
625 3077 683 3112 cum
696 3063 863 3130 praegressis
877 3061 1007 3116 militibus
1020 3071 1048 3115 et
1060 3063 1093 3114 ad
1104 3062 1178 3117 mul..

74 3131 214 3183 titudinem
224 3130 285 3183 tolli
294 3148 415 3201 magnam
431 3141 457 3184 et
467 3132 558 3185 Turcis
573 3134 702 3184 orientem
717 3132 843 3197 liberare,
860 3141 887 3184 et
899 3136 1029 3186 excitatos
1040 3134 1177 3188 subiectos

76 3203 168 3254 lacere
188 3211 216 3254 ct
234 3204 266 3255 ad
279 3204 457 3256 obedientiam
476 3218 656 3268 commovere,
676 3214 704 3256 et
725 3206 888 3257 constituere
907 3205 1177 3273 regis'imperatoriis

76 3283 104 3326 et
121 3276 294 3342 magnanimis
313 3277 432 3342 imperiis
450 3275 529 3326 talem
550 3285 652 3342 partem
671 3277 760 3328 mundi
786 3277 817 3328 ad
837 3291 929 3342 pacem
949 3285 975 3328 et
995 3276 1177 3345 tranquillita-

74 3354 129 3398 tem
149 3353 175 3396 et
193 3348 388 3399 iemissionem.
427 3347 473 3399 sed
496 3347 685 3400 Constantinus
704 3356 797 3400 contra
818 3348 885 3399 bueo
905 3349 992 3399 omnia
1011 3349 1131 3401 sentiens
1151 3355 1178 3398 et

75 3417 197 3485 cogitans
216 3433 304 3486 neque
322 3419 439 3470 divinam
457 3420 584 3471 iustitiam
603 3435 726 3484 cavens,·
740 3421 763 3470 si
784 3429 915 3472 tantorum
934 3419 1062 3471 malorum
1080 3420 1176 3471 mundo
1272 3479 1276 3486 ,

75 3496 104 3541 et
122 3489 173 3554 ipsi
192 3492 252 3555 regi
270 3488 297 3540 'ct
311 3489 380 3540 bene
399 3490 552 3556 gubernatis
566 3491 761 3542 administrator
773 3493 857 3558 ficret,
877 3507 966 3560 neque
978 3491 1108 3544 fortunam
1127 3505 1176 3558 pa.

76 3574 144 3613 vens
163 3561 273 3625 incepti,
292 3574 376 3611 novas
395 3575 438 3613 res
450 3561 558 3614 molitur
578 3571 672 3615 contra
690 3578 798 3631 regem:
820 3570 847 3614 et
865 3566 1005 3629 pessimam
1017 3564 1177 3616 seditionem

77 3646 137 3684 cum
151 3629 277 3682 militibus
290 3634 320 3698 (o
335 3631 464 3682 insaniam
476 3642 503 3685 et
511 3634 698 3702 sacrilegium)
712 3635 896 3686 communicat.
909 3643 988 3688 antea
999 3636 1069 3686 enim
1081 3641 1177 3686 aucto.

75 3702 149 3755 ribus
170 3701 334 3767 pravissimis
347 3718 381 3753 ex
399 3701 441 3754 his
462 3710 488 3754 et
501 3706 594 3771 populi
611 3706 800 3758 incitatoribus
819 3721 892 3768 usus,
912 3716 1005 3772 postea
1023 3706 1129 3758 desistit
1145 3707 1179 3758 ad

76 3788 124 3826 eos
144 3771 305 3837 chrysopoli
327 3781 414 3826 castra
433 3773 577 3839 habentes,
603 3785 631 3828 et
648 3777 842 3828 multitudinem
861 3779 1017 3830 concutiens
1037 3777 1177 3830 seditionis

76 3843 178 3896 artibus
202 3843 309 3894 adducit
333 3852 362 3895 ut
386 3860 478 3913 regem
508 3846 578 3899 hune
602 3850 803 3911 renuntiarent,
833 3846 938 3916 reliqua
951 3853 1056 3900 'corono
1076 3864 1178 3913 eorum,

78 3917 196 3983 quinon
220 3915 365 3981 participes
384 3918 420 3966 ei
441 3926 517 3968 eraut
540 3919 632 3970 iniusti
658 3918 787 3982 consilii,
807 3919 990 3985 inexspectata
1010 3920 1079 3971 lama
1099 3920 1178 3972 dubi.

77 3995 150 4038 tante
170 3994 198 4037 et
215 3987 347 4052 ancipite:
378 3996 459 4056 atque
487 4004 548 4040 cum
569 3989 645 4041 datus
664 3989 705 4041 bis
725 3989 777 4040 dux
795 4004 848 4040 non
867 3991 973 4043 adesset
992 3991 1047 4055 ibi,
1071 3994 1134 4060 quis
1149 3993 1179 4044 iu

77 4058 153 4124 repis
179 4059 314 4110 etiamtum
340 4059 515 4124 versabatur,
537 4061 635 4112 seditio
654 4068 769 4130 cognatu
789 4061 858 4114 iactu
886 4071 928 4114 est
945 4070 1025 4131 atque
1044 4063 1145 4132 incepit
1163 4078 1179 4112 a

77 4129 157 4179 tertis
175 4127 271 4197 vigilia
288 4131 375 4183 noctis
395 4147 481 4199 nsque
500 4132 532 4184 ad
551 4132 687 4184 meridiem
705 4133 808 4200 ipsnmz
834 4132 930 4186 deinde
950 4151 1009 4186 curu
1028 4137 1179 4204 coniunge-

76 4207 168 4257 rentur
194 4203 322 4268 spostatis
351 4204 381 4257 vi
404 4219 494 4274 nsque
513 4203 621 4260 susdsls
648 4206 694 4273 qui
712 4212 792 4258 untes
817 4205 897 4260 aliter
915 4215 1065 4275 nunant,
1084 4219 1178 4280 possus

146 4401 232 4442 .·,
