2834 4750
487 257 741 374 Ἰμονοισλ.
855 303 910 378 f
1110 290 1184 364 tet

70 456 192 521 ἳππων
204 455 493 539 τ’παναοτρίφοντες
507 455 551 538 μή
565 457 645 520 ἰδεῖν
665 454 877 535 τὸνβασιλέα,
891 458 924 520 τί
944 457 1080 538 γέγονεν,
1101 457 1186 539 ι’ραν-

70 556 218 636 ταόμτυοι
235 555 456 635 α’πεκρίναντο.
503 561 560 620 καί
591 548 630 639 ήν
654 553 782 636 σεισμός
811 546 876 628 οἶος
897 551 1112 640 καίδδυρμδς
1130 556 1188 619 καί

70 651 180 732 πόνος
201 657 256 720 καί
277 653 377 740 φόβος
400 655 563 741 α’κίχητος,
586 653 640 719 καί
663 655 682 737 ή
703 652 789 730 κόνις
805 656 959 739 αἰθέριος,
980 655 1035 721 καί
1047 659 1134 732 τέλος
1155 652 1186 718 οῖ

77 759 227 838 Τοῦρκοι
257 753 457 836 πανταχόθεν
479 751 554 838 ήμῖν
578 760 808 840 περιρρέοντος.
861 749 937 819 ὅθεν
964 759 1020 818 καί
1041 752 1083 830 ὥς
1103 747 1187 837 εἶχεν

38 865 58 915 5
71 858 214 930 ἕκαστος
236 855 336 938 ὁρμῆς
351 848 371 936 ή
392 859 533 938 σπουδῆς
550 851 571 940 ή
586 860 709 938 ἰσχύος,
731 859 818 941 φυγή
830 857 886 939 τήν
898 852 1014 922 ἑαυτοῦ
1027 854 1186 938 σωτηρίαν

72 958 280 1020 ἐπίστευσεν.
324 952 353 1018 οὶ
369 958 396 1019 δ’
415 950 550 1021 ἐναντίοι
572 957 706 1020 κατόπιν
727 954 894 1032 διτόκοντες
909 953 964 1032 οδς
981 957 1039 1037 μὲν
1063 957 1187 1019 α’νιῖλον

73 1052 143 1132 οὕς
165 1058 207 1120 ’δὲ
238 1058 355 1142 ζωγρίᾳ
387 1048 491 1139 εἷλον,
525 1052 653 1141 ἐτέρους
681 1059 716 1122 δὲ
752 1056 963 1122 συνεπάτουν.
1013 1053 1069 1119 καί
1093 1046 1132 1135 ήν
1152 1052 1188 1129 τό

73 1159 218 1240 πρᾶγμα
240 1135 319 1220 λίαό
332 1157 493 1222 ἐπώδυνον
514 1157 570 1221 καί
589 1158 691 1221 πάντα
705 1161 825 1241 θρήνον
842 1152 1043 1240 ὑπερβάλλον
1064 1153 1119 1218 καί
1134 1178 1189 1218 κο-

73 1252 191 1322 πετόν.
234 1261 267 1320 τί
285 1256 344 1338 γόρ
370 1257 578 1340 ἐλεεινότερον
607 1261 664 1322 τοῦ
685 1255 899 1338 στρατόπεδον
921 1252 1006 1321 ἅπαν
1026 1254 1189 1338 βασιλικόν

23 1370 63 1421 10
76 1361 175 1442 φυγῇ
200 1362 255 1421 καί
277 1353 352 1445 ήττῃ
373 1359 458 1440 παρὰ
488 1359 662 1444 βαρβαρων
687 1354 913 1442 ἅπανθραίπων
943 1361 999 1422 καί
1017 1355 1189 1438 α’ποιόμωκ

75 1455 298 1539 ἐλαόνεὸθαι,
321 1462 376 1523 καί
401 1457 452 1522 τόν
480 1465 615 1540 βασιλέα
636 1465 845 1544 βαρβαρικοῖς
875 1453 983 1532 ὅπλοις
1010 1457 1190 1543 ἀβοήθητον

79 1559 375 1646 περιεστοιχιλτθαι,
397 1562 451 1624 καί
470 1558 527 1633 τός
548 1565 732 1640 βασιλείους
754 1558 870 1644 σκηνὰς
892 1562 947 1622 καί
962 1558 1020 1635 τοίς
1040 1555 1189 1642 ήγεμονι-
1273 1611 1277 1618 .

77 1660 146 1732 κάς
170 1655 237 1739 ἅμα
255 1661 309 1723 καί
328 1658 558 1744 στρατιωτικός
574 1659 636 1724 ent
660 1657 808 1724 τοιοόττον
823 1661 949 1745 ιίνδραῖν
968 1659 1189 1744 κνριεόεσθαι,

80 1761 144 1824 καί
165 1751 250 1822 ἅπαν
273 1758 448 1824 ἀνάστατον
462 1757 497 1824 τό
516 1757 694 1842 Ῥωμαϊκὸν
715 1765 930 1845 καθορᾶσθαι,
953 1759 1009 1824 καί
1020 1762 1190 1844 βασιλείαν

31 1874 68 1926 15
80 1863 121 1924 ἑν
145 1863 263 1943 αἰιαρεῖ
286 1869 446 1924 κατανοεῖν
467 1863 704 1942 συμπεσοῦσαν.

189 1963 260 2025 Καί
278 1960 316 2024 τὰ
336 1963 395 2042 μὲν
423 1965 481 2026 τοῦ
511 1965 624 2026 λοιποῦ
654 1960 797 2044 πλήθους
826 1966 860 2027 ἐν
888 1961 1032 2037 τοότοις·
1073 1963 1128 2027 τὸν
1153 1964 1189 2026 δὲ

82 2066 223 2144 βασιλέα
244 2063 534 2144 περιστοιχίσαντος
552 2059 594 2126 ὀἰ
628 2066 774 2142 πολέμιοι
806 2047 1073 2145 ου’κέδχείροττον
1093 2059 1189 2144 ἔσχον

84 2161 199 2248 εὐθύς,
222 2162 290 2226 ἀλλ’
314 2154 370 2224 ἅτε
392 2160 589 2246 στρατιώτης
605 2165 661 2225 καί
673 2165 844 2244 πολεμικῆς
864 2160 1028 2244 ἐμπειρίας
1051 2159 1190 2246 αἰδήμων

85 2264 145 2326 καί
167 2262 323 2338 κινδύνοις
346 2264 582 2344 προσομιλήσας
605 2266 745 2342 πολλοῖς,
770 2263 929 2346 καρτεραῖς
950 2256 1093 2343 η’μόνατο
1114 2259 1189 2335 τοός

34 2371 74 2425 20
86 2362 362 2447 προσπίπτοντας,
394 2363 449 2429 καί
472 2362 608 2439 πολλοὺς
639 2361 759 2429 οἰνελόν
782 2365 869 2439 τέλος
896 2361 1015 2448 ἐπλήγη
1035 2358 1199 2451 φασγάνῳ.

83 2466 144 2549 τήν
162 2473 278 2549 χεῖρα,
310 2470 370 2529 τοῦ
394 2490 427 2530 τε
456 2463 552 2529 ἵππου
583 2470 690 2545 βέλεσι
708 2469 1007 2539 κατακοντισθέντος
1038 2466 1073 2528 ἐκ
1094 2462 1191 2539 ποδός

83 2567 271 2651 μαχόμενος
299 2566 420 2633 ἵστατο.
464 2565 574 2648 καμοίν
598 2569 629 2629 δ’
654 2562 739 2647 όμιυς
770 2564 851 2649 πρός
873 2561 1011 2651 ἑσπέραν
1029 2562 1192 2645 ἁλώσιμος

85 2671 144 2733 καί
163 2667 370 2752 ὑπόσπονδος,
392 2671 456 2756 φεῦ
476 2673 535 2733 τοῦ
557 2666 690 2750 πόθους,
712 2670 844 2751 ἐγένετο.
886 2671 942 2753 καί
964 2669 1002 2753 τή
1023 2668 1084 2749 μὲν
1103 2662 1194 2733 νυκτί

89 2970 271 3040 sponderunt:
300 2977 380 3038 atque
406 2980 462 3022 erat
485 2970 651 3037 perturbatio
678 2977 802 3037 tanquam
828 2978 855 3021 et
878 2967 996 3020 ululatus
1023 2977 1049 3020 et
1066 2967 1144 3019 labor
1165 2974 1193 3019 et

91 3044 157 3110 luga
184 3043 290 3108 rapide:
315 3041 405 3109 pulvis
431 3045 463 3094 etl
499 3040 603 3093 coelum
630 3040 793 3104 tollebatur,
822 3048 901 3109 atque
930 3046 1065 3105 postremo
1092 3038 1193 3090 'luteae

89 3114 209 3182 undiquc
229 3112 306 3163 nobis
326 3110 560 3165 circumfluebant:
580 3111 759 3181 'quamobrem
786 3112 864 3161 etiam
889 3112 1001 3177 quisque
1019 3124 1067 3175 pre
1090 3107 1194 3161 viribus

49 3190 51 3195 '
89 3186 137 3238 vel
158 3183 298 3235 celeritate
317 3183 362 3236 vel
382 3185 475 3251 opibus
499 3186 579 3252 fugae
598 3183 709 3235 salutem
730 3182 932 3233 commendavit.
979 3181 1070 3231 hostes
1088 3194 1155 3232 vero
1176 3196 1194 3231 a
1265 3232 1269 3239 ,

89 3266 169 3324 tergo
189 3258 360 3323 insequentes
379 3257 447 3307 alios
471 3255 674 3319 interfecerunt,
694 3254 762 3304 alios
788 3254 867 3305 rivus
889 3260 1027 3318 ceperunt,
1046 3250 1115 3302 alios
1133 3250 1193 3302 eal.

91 3335 203 3378 canunt:
224 3333 304 3395 atque
323 3335 380 3377 erat
396 3342 439 3378 res
456 3328 536 3379 ‘nimis
555 3328 638 3377 tristis
668 3326 793 3392 omnique
817 3324 891 3374 luctu
919 3339 950 3373 ae
969 3322 1078 3388 planctu
1098 3324 1192 3373 maior.

91 3398 156 3467 quid
176 3400 243 3448 enim
262 3400 386 3449 miserius
406 3414 483 3467 quarn
514 3400 660 3449 exereitum
679 3410 783 3446 emnem
807 3396 910 3462 regium
932 3395 960 3444 in
978 3392 1067 3459 lugam
1084 3398 1114 3442 ct
1134 3392 1193 3443 cla.

57 3474 60 3489 ’
91 3472 151 3521 dem
172 3484 187 3518 a
204 3468 323 3521 barbaris
342 3468 491 3520 inhumanis
511 3477 538 3520 et
557 3467 709 3521 crudelibus
730 3466 798 3534 pelli
819 3474 845 3517 et
863 3480 956 3533 regem
974 3464 1093 3516 barbaris
1112 3464 1193 3515 armis

90 3540 193 3607 absque
212 3538 321 3593 auxiliis
341 3542 529 3591 circumdatum
550 3556 609 3592 esse
628 3548 654 3591 et
672 3540 745 3607 regis
764 3538 913 3605 ducumque
934 3537 1049 3587 tentoria
1068 3533 1146 3586 simul
1166 3541 1194 3585 et

89 3610 204 3662 militum
223 3611 322 3663 talibus
342 3610 374 3662 ab
394 3610 545 3664 bominibus
557 3620 707 3679 expugnata
728 3626 796 3674 esse,
810 3623 886 3677 quam
902 3610 989 3658 omnia
1008 3608 1108 3659 Graeca
1126 3620 1193 3674 per.

90 3681 196 3733 turbata
214 3698 380 3751 regnumque
399 3681 476 3734 brevi
494 3682 628 3750 lapsurum
647 3683 760 3736 videre:
779 3688 859 3749 atque
878 3678 999 3747 reliquus
1017 3678 1123 3747 quidem
1142 3692 1192 3730 ex.

92 3754 191 3805 ercitus
210 3754 247 3819 ita
266 3768 295 3806 se
315 3752 437 3805 babebat.
490 3819 492 3825 Ι

190 3842 291 3911 Regem
312 3857 378 3894 vero
400 3843 641 3895 circumvenientes
667 3842 758 3893 hostes
776 3856 830 3891 nen
848 3838 1014 3891 tractabilem
1033 3839 1194 3893 invenerunt

90 3914 183 3967 illico:
204 3915 250 3964 sed
268 3922 298 3965 ut
316 3913 394 3967 miles
415 3922 441 3965 et
461 3914 642 3981 experientiae
667 3912 784 3964 bellicae
803 3913 904 3977 peritus
930 3911 1111 3981 periculisque
1129 3926 1193 3965 usus
1281 3951 1285 3971 .

90 3986 181 4037 rnultis
213 3986 402 4053 aggredientes
438 3994 546 4037 strenue
570 3984 669 4034 arcuit:
703 3982 848 4049 multisque
874 3982 1022 4035 interfectis
1058 3992 1193 4053 postremo

92 4059 159 4109 ictus
183 4064 224 4108 est
242 4056 331 4124 gladio
352 4059 379 4108 in
397 4064 522 4107 manuet
541 4068 610 4123 equo
631 4053 693 4105 telis
712 4054 818 4104 deiecto
835 4055 918 4121 ped'es
937 4058 1074 4123 pugnavit.
1113 4054 1192 4110 dela-

92 4130 189 4196 tigatus
208 4135 295 4179 tumen
315 4130 346 4180 nd
365 4142 506 4195 vesperum
533 4124 702 4195 (miserabile
731 4126 802 4176 dictu
811 4125 833 4193 l)
854 4124 902 4177 sub
925 4127 1122 4180 conditionibus
1141 4128 1191 4182 ‹le-

94 4200 198 4251 diticius
228 4199 313 4251 lactus
343 4209 392 4255 est.
439 4207 518 4269 atque
543 4192 622 4249 n'ccte
648 4198 754 4271 quidem
773 4195 822 4251 ille
840 4205 869 4248 ut
894 4196 969 4267 vulgi
988 4198 1084 4270 aliquis
1102 4206 1191 4251 terrac
