2834 4750
458 281 464 288 '
543 293 752 364 namara.
824 387 826 391 Ι
1020 319 1027 341 ·
1120 288 1196 368 tte

171 453 257 521 Καί
280 455 320 521 τὰ
342 458 402 538 μέν
415 459 473 521 τοῦ
494 459 602 541 γένους
616 461 679 522 ταῖν
694 454 869 542 Φωκίδων,
889 449 951 523 έσα
970 477 1006 540 γε
1026 446 1097 540 ήκει
1117 453 1196 520 κατὰ

50 555 121 632 τοὶς
148 564 341 641 προσεχεῖς
361 556 454 641 ήμῶν
475 556 594 641 γενεάς,
616 555 782 644 περίφημοί
798 580 832 622 τε
853 555 909 622 καί
926 549 1120 643 περιβδηέα·
1143 557 1199 621 καί

51 663 249 740 μαρτυρεῖ
270 655 396 734 τούτοις
419 657 458 723 τοί
479 683 513 724 τε
538 662 602 724 τῶν
629 651 753 723 ἄνωθεν
782 655 962 742 διηγήματα
992 660 1048 723 καί
1064 654 1081 720 ὅ
1099 661 1197 740 βασι-

52 753 141 831 leri:
166 760 276 840 κῦρις
298 757 485 843 Νικηφόρος
507 756 522 822 ὅ
545 761 676 836 Φωκεῖς,
720 755 754 833 ές
783 755 821 822 τέ
841 752 1008 839 Ῥωμαίων
1026 752 1196 849 πράγματα

24 855 292 945 5κατειληφσές
313 859 347 922 έν
367 861 464 948 στενῷ
485 863 602 946 κομιδῇ
624 861 678 924 καί
698 858 808 948 α’πόρηι
829 859 1058 942 περιιστάμενα
1079 860 1116 944 τῇ
1137 859 1197 923 τῶν

55 959 287 1043 Σαρακηναῑν
310 960 366 1022 καί
386 959 530 1043 Ἀράβων
559 957 764 1047 ἐπιστρατείᾳ
788 959 846 1023 καί
868 957 928 1043 πρέ
958 960 1013 1042 τῆς
1033 960 1196 1040 βασιλείας

54 1055 283 1142 ἀνεκτήσατό
306 1082 340 1125 τε
361 1058 609 1142 saturatorum,
630 1066 758 1137 πολλοῖς
773 1063 880 1136 πόνοις
900 1057 956 1125 καί
975 1058 1077 1142 α’γῶσι
1100 1062 1197 1122 πολε-

54 1170 180 1241 μικοῖς
204 1158 515 1245 καταστρατηγήσας
540 1165 604 1226 τοῖν
626 1162 774 1227 ἐναντίων
795 1154 873 1245 ἄχρι
886 1158 1024 1235 Νικαίας
1046 1159 1197 1243 ληιζομέ-

55 1285 128 1327 νων
151 1259 222 1346 τήν
247 1257 343 1342 έοέαν,
364 1264 420 1336 καί
441 1265 486 1337 εἰς
506 1261 563 1346 τήν
585 1267 649 1327 τῶν
673 1256 816 1328 Κιλίκων
833 1263 1042 1337 κατακλείσας
1065 1257 1195 1336 adserit·

19 1379 47 1434 lo
58 1355 135 1428 εἶτα
161 1361 229 1427 καί
253 1361 310 1446 τήν
338 1365 489 1446 μεγίστην
520 1364 615 1447 νῆσον
637 1367 693 1446 τῆς
715 1363 845 1448 Κρήτης
873 1359 1041 1438 διασώσας
1059 1362 1099 1447 τή
1114 1359 1196 1424 Ῥω-

60 1467 180 1545 μαίων
205 1465 309 1550 είρχῇ,
331 1463 462 1548 πρᾶγμα
491 1461 800 1549 δυσμεταχείριστον
822 1487 856 1527 τε
887 1467 943 1527 καί
963 1458 1196 1544 δυσκατίρδω·

60 1588 132 1646 τον,
161 1566 307 1650 εὐσεβής
329 1567 364 1630 δέ
387 1559 432 1628 niv
453 1562 492 1628 τίι
515 1563 593 1649 πρὸς
615 1562 670 1630 τὸν
693 1563 770 1630 θεὸν
789 1565 846 1629 καί
865 1563 1107 1647 βουλεύσασθαι
1120 1563 1195 1626 δια-

62 1663 344 1748 γνωστικαίτατος
361 1669 417 1730 καί
432 1664 604 1751 στρατηγός
624 1665 856 1748 α’νδρειότατος,
872 1669 926 1730 καί
942 1664 982 1729 τοὶ
999 1665 1058 1762 μέν
1068 1665 1104 1728 έκ
1115 1664 1197 1735 θεοῦ,

64 1767 128 1832 καί
141 1769 245 1845 θείας
267 1770 442 1850 δυνάμεως,
463 1768 502 1833 τοὶ
525 1771 560 1832 δέ
575 1772 788 1850 συμβουλίαις
800 1769 949 1853 α’ρίσταις
962 1768 1017 1830 καί
1036 1787 1195 1847 στρατια-

18 1877 182 1945 15τικαῖς
208 1871 434 1956 γενοαιὸτησιν,
462 1871 506 1945 εἷς
527 1872 616 1946 τέλος
634 1866 858 1935 εὐκταιότατον
877 1867 932 1934 καί
951 1865 1108 1951 μακάριον
1128 1889 1191 1930 σν-

67 1977 271 2056 νεπέρανεν.
982 1981 985 1990 ’

172 2068 247 2138 Ἵνα
270 2075 317 2139 δέ
334 2083 436 2157 γνοῖεν
465 2072 495 2138 οἱ
518 2064 758 2156 ἐντυγχάνοντες
787 2074 891 2136 τοῖσδε
921 2078 986 2146 τοῖς
1012 2068 1191 2154 γράμμασι,

68 2178 107 2238 τί
128 2171 287 2255 βούλεται
310 2174 385 2258 ἡμῖν
410 2174 443 2240 τό
467 2176 523 2256 τῆς
543 2174 705 2255 ου’σεβείας
726 2166 881 2256 έγκοέμιον
901 2175 936 2236 έν
954 2178 1019 2247 τοῖς
1032 2194 1191 2257 στρατια·

69 2282 175 2349 τικοΐς
202 2280 457 2357 παραγγέλμασι,
479 2271 707 2359 προσθήσομεν
728 2297 759 2336 τι
780 2273 824 2357 τῷ
844 2269 1027 2357 διηγήματι.

22 2386 60 2443 20
181 2378 365 2451 Μέλλοντος
381 2376 485 2443 αι’·τοῢ
507 2377 783 2459 διαπεραιωθῆναι
798 2370 899 2461 στίλην
918 2378 1018 2459 βαρεῖ
1035 2360 1115 2460 πρές
1134 2373 1192 2458 τήν

73 2477 217 2561 Κρήτην
238 2478 363 2543 κοίκείσε
381 2476 436 2543 τέν
458 2476 619 2543 οἶπέπλουι
634 2480 846 2561 ποιήσασθαι,
864 2479 1026 2561 συνῆλθον
1046 2474 1082 2541 αἶ
1096 2475 1190 2562 τριή-

72 2600 144 2661 ρεις
169 2578 230 2641 καί
249 2572 283 2641 τέ
315 2582 378 2643 ταῖν
407 2575 551 2644 ὁλκάδων
580 2580 703 2663 πλῆθος
724 2578 770 2654 είς
797 2574 832 2642 τέ
858 2580 921 2642 ταῖν
943 2566 1117 2661 Φυγέλλων
1137 2584 1188 2642 λε-

74 2674 218 2761 γόμενον
244 2678 457 2744 κατατόπιον·
503 2682 559 2743 καί
579 2682 751 2763 γενομένης
774 2682 831 2763 τῆς
849 2680 1054 2760 έμπλωίσεως
1073 2680 1188 2744 inue-

149 2811 178 2868 4.
200 2809 242 2883 ὃς]
265 2816 308 2875 τίς
327 2813 356 2869 G.
377 2815 445 2869 vidit
473 2818 551 2869 etiam
570 2816 712 2883 interpres.
873 2818 914 2870 13.
934 2818 984 2871 aral
1004 2816 1186 2885 expunxerim.

151 2887 199 2940 22.
220 2876 271 2942 τέν
289 2885 320 2941 G·
422 2889 465 2941 23.
486 2890 627 2945 κατέπιον
648 2888 677 2942 O.
777 2946 782 2951 ,

96 3052 99 3065 ,
183 3000 273 3067 Atque
293 3015 337 3053 res
357 3001 463 3070 quidem
489 3002 597 3070 generis
616 3000 784 3065 Phocadnm‚
806 3015 982 3070 quaecunque
1000 3002 1136 3069 pertinent
1153 3000 1187 3056 ud
1281 2999 1288 3010 '

76 3072 241 3123 coniunctas
261 3070 340 3124 nubis
359 3082 471 3137 aetates,
491 3073 646 3125 celebratae
664 3080 744 3141 atque
760 3073 951 3141 ¹frequentatae
970 3080 1041 3137 sunt,
1061 3080 1089 3125 et
1106 3074 1186 3125 testi.

75 3145 171 3195 monio
193 3150 253 3195 sunt
273 3142 314 3195 his
333 3153 387 3196 tum
408 3146 562 3211 superiores
581 3145 749 3196 narrationes
767 3151 822 3196 tum
840 3159 889 3194 rex
906 3144 1029 3195 dominus
1046 3142 1185 3209 llicepbo.

76 3230 123 3265 rus
143 3214 260 3279 Phocus,
289 3217 333 3282 qni
360 3232 403 3268 res
422 3216 553 3268 Romanas
578 3216 729 3282 suscipiens
757 3215 890 3282 angustiis
921 3216 1029 3266 omnino
1049 3222 1076 3265 et
1094 3215 1186 3281 inopia

78 3287 255 3337 circumfusas
275 3286 467 3339 Saracenorum
485 3286 657 3355 Arabumque
685 3287 857 3352 expeditione
886 3287 965 3337 etiam
992 3292 1055 3337 ante
1072 3300 1185 3354 regnum
1223 3310 1236 3331 .

76 3360 253 3423 recuperavit
282 3366 308 3409 et
331 3360 519 3423 resuscitavit,
545 3357 635 3411 multis
654 3357 792 3409 laboribus
813 3363 840 3407 et
867 3355 1056 3409 certaminibus
1076 3353 1185 3409 bellicis

76 3426 221 3479 debellans
247 3428 416 3481 adversarios
444 3446 530 3499 usque
555 3430 587 3481 ad
612 3426 737 3482 Nicaeam
762 3428 920 3495 praedantes
939 3429 1088 3493 orientem,
1108 3434 1136 3479 et
1155 3428 1184 3477 in

78 3497 197 3551 Cilicum
214 3506 312 3549 terram
337 3499 478 3553 includens
499 3517 561 3553 eos:
587 3502 683 3553 deinde
709 3496 789 3553 eliam
814 3500 953 3551 maximam
972 3496 1095 3563 insulam,
1114 3497 1184 3552 Gra.

75 3577 143 3633 tam,
163 3582 326 3621 conservans
338 3570 515 3623 Romanorum
535 3574 658 3640 imperio,
679 3588 748 3642 quae
761 3561 867 3639 quidem
885 3586 929 3623 res
948 3568 1067 3623 dilllcilis
1086 3570 1138 3621 luit
1150 3568 1184 3621 ad

75 3639 244 3692 tractandum
264 3641 485 3710 exigendumque.
523 3645 582 3709 pius
602 3652 689 3696 antem
706 3646 734 3695 in
753 3642 832 3695 rebus
852 3643 950 3695 divinis
968 3649 1049 3709 atque
1067 3641 1095 3693 in
1114 3654 1183 3691 con.

78 3712 149 3763 siliis
175 3711 412 3777 prudentissimus,
441 3722 467 3764 et
491 3714 544 3766 dux
569 3716 746 3779 fortissimus,
771 3714 853 3781 idque
881 3714 975 3781 partim
993 3726 1042 3779 per
1059 3712 1136 3764 deum
1156 3720 1183 3763 et

78 3783 171 3835 divina
190 3784 237 3847 vi,
264 3784 359 3849 partim
385 3784 507 3836 consiliis
526 3788 632 3852 optimis
652 3794 679 3837 et
697 3786 807 3839 militari
826 3784 969 3835 nobilitate
991 3792 1078 3836 morte
1102 3791 1182 3851 opta.

76 3854 181 3907 tissima
200 3862 227 3905 et
245 3854 323 3905 beata
341 3856 466 3907 decessit.
995 3889 997 3894 -
1056 3850 1060 3857 “

179 3924 214 3978 Ut
229 3934 318 3977 autem
337 3925 491 3994 intelligant
510 3930 554 3995 qui
573 3929 693 3980 incident
718 3928 745 3978 in
765 3926 812 3979 bas
838 3927 941 3991 literas,
961 3926 1024 3995 quid
1042 3926 1095 3981 sibi
1114 3926 1182 3979 velit

81 3997 188 4063 pietatis
208 3996 327 4050 laudatio
346 3999 373 4048 in
393 3998 552 4051 militaribus
574 4000 670 4063 iussis,
690 3999 814 4050 addemus
833 3997 934 4066 aliquid
952 3999 1108 4051 narrationi.

178 4069 293 4122 Valente
314 4082 346 4121 eo
375 4070 501 4122 traiicere
530 4069 617 4122 classe
642 4071 719 4137 gravi
738 4071 766 4119 in
786 4070 909 4134 Cretam,
931 4077 1012 4139 atque
1029 4072 1092 4122 inde
1111 4085 1180 4122 con-

82 4142 228 4204 scendere,
257 4150 443 4194 convenerunt
468 4143 589 4195 triremes
616 4149 642 4193 et
665 4140 806 4194 multitudo
823 4142 931 4193 narium
949 4144 1133 4195 tractoriarum
1152 4143 1180 4193 in

81 4208 273 4283 Phygellorum
292 4228 362 4283 quac
381 4213 504 4267 dicuntur
522 4214 662 4285 regionam
682 4220 730 4280 et,
758 4230 817 4267 cum
841 4215 1054 4269 conscenderent
1072 4213 1110 4266 ibi
1128 4227 1180 4265 na.
1260 4226 1264 4236 ¹
