2834 4750
501 203 708 336 ursionis.
773 297 780 313 ·
1107 249 1161 330 4ο

54 447 176 499 αστεας
194 424 296 507 πδλης
317 425 467 507 δρομαῖος
490 413 638 509 ἐξήλασε,
672 449 725 488 και
721 420 916 497 καθιείς“
901 421 1016 487 εαυτόν
1033 423 1080 500 τίς
1100 427 1162 503 μδ·

54 540 132 600 σοος
153 523 228 600 τοδς
250 527 427 608 ἐναντίους,
453 527 515 606 πῦρ
547 547 578 588 τε
601 529 642 612 τῷ
664 523 800 605 στόματι
829 526 887 605 τοῦ
909 547 1024 607 αγγους
1045 522 1162 587 ἐναπε-
1172 522 1190 576 f·
1211 524 1303 582 ¹⁷6¹

54 631 175 709 ρείσας,
197 628 290 690 τοῦτο
314 629 473 707 συντρίβει
496 622 575 709 πρδς
596 622 632 689 τδ
654 622 839 710 μηχάνημα.
882 624 938 719 κατ’
959 623 1072 688 αιῖτικα
1094 627 1160 708 πῦρ

56 727 203 810 &sapato
238 721 323 790 ἅπαν
358 727 480 810 ἐξέληξε
509 750 560 790 και
584 727 835 808 κατενεμὴσατο·
886 715 1079 810 συνήρτηντο
1099 724 1161 809 γὰρ

30 829 146 912 5αδττρ
176 853 227 890 και
252 851 323 891 τινα
355 827 483 910 πέταλα,
513 825 570 922 τας
604 826 665 890 ἀπὸ
691 853 756 892 των
787 831 901 908 τειχῶν
921 826 1162 908 ἀποτειχίζοντα

56 923 244 1010 προσβολάς.
267 931 321 991 καί
341 929 529 1009 παλίνορσος
553 923 722 1003 ὄΛατῖνος
744 925 823 1012 πρὸς
844 925 879 990 ια’
899 919 982 992 ἄστυ
1000 925 1164 1008 γενόμενος

57 1028 177 1110 σίδιγὴς
199 1024 342 1111 ἐρρδσθη
374 1032 427 1112 τῆς
458 1032 520 1094 τῶν
544 1031 694 1094 ἐναντίων
715 1026 827 1112 χειρδς
858 1053 910 1092 και
906 1028 1163 1104 καταδιωξεως.

58 1132 93 1194 ἐκ
115 1127 228 1195 τούτου
250 1129 450 1216 δυσχεράνας
471 1129 487 1194 6
509 1131 706 1250 πρλεμὴρωρ,
729 1131 785 1192 κατ’
799 1127 918 1212 πολλὴν
932 1126 1085 1211 εὐήθειαν
1102 1127 1165 1192 τῶν

57 1239 127 1294 κατ’
159 1229 254 1295 αδτόν
283 1225 540 1314 κατεγνωναδς“
523 1255 570 1295 οτι
601 1231 662 1294 τῶν
682 1230 849 1345 Ῥωμαίων
869 1229 1055 1313 ἀνανδρίαν
1064 1252 1165 1292 κατα-

17 1347 48 1400 [θ
58 1333 255 1416 ψηφίζονται
279 1328 435 1396 τοσούτων
458 1323 556 1394 ὄντων
563 1327 632 1418 τήν
654 1327 781 1412 α’ρετὴν,
810 1323 959 1404 sisic
937 1353 1020 1411 αρας
1042 1334 1165 1397 ἐκεῖθεν

58 1435 112 1497 ἐντί
125 1430 183 1516 τήν
205 1435 289 1498 ἰδίαν
312 1429 760 1512 μετεστρατοπεδεύσατον
702 1432 769 1513 γῆν.

164 1526 214 1598 Ἐν
242 1533 341 1621 τούτῳ
378 1535 421 1620 τῷ
457 1531 520 1597 ἔτει
551 1533 566 1596 6
588 1529 755 1614 Ῥωμαίων
778 1537 982 1616 κατέστρεψε
1014 1532 1167 1614 βασιλεδς

61 1637 302 1710 Κωνσταντῖνος
331 1625 423 1708 οὗτος
449 1629 465 1696 6
489 1631 736 1718 Movopa'mst
722 1659 756 1698 εν
778 1633 966 1718 ἐδιακτὴτοις
995 1631 1091 1708 οἴκοις
1112 1637 1169 1698 καί

59 1735 105 1818 με)
127 1742 194 1808 τοῖς
219 1732 401 1818 α’ναιιτόροις
424 1737 627 1817 διαζευχθείς
650 1739 705 1818 τῆς
727 1737 846 1818 ψυχῆς,
869 1738 924 1798 ιιαί
944 1735 985 1821 τῷ
1006 1741 1081 1817 παρ’
1104 1735 1167 1798 αδ-

18 1843 48 1896 15
60 1841 117 1900 τοῦ
141 1838 345 1919 α’νεχερθέντι
379 1840 444 1928 ναῷ
467 1834 521 1900 τὸν
543 1835 653 1920 νεκρὸν
676 1841 910 1916 καταθέμενος,
930 1835 1011 1919 α’νὴρ
1043 1841 1167 1900 πολιτι-

59 1935 115 2014 ιιδς
136 1937 193 2000 καί
211 1941 319 2019 γένους
350 1937 506 2018 ἐπισήμου
528 1937 704 2020 γενύμενος,
733 1935 953 2020 δωρηματιιιός
974 1959 1009 2000 τε
1029 1938 1084 2000 καί
1105 1941 1168 2019 βα-

59 2041 190 2112 σιλικῶς
221 2039 396 2120 εὐεργετεῖν
426 2035 655 2124 ἐπιστάμενος,
685 2040 863 2126 φροντίζων
892 2040 950 2119 μὲν
977 2041 1034 2102 ταί
1051 2042 1115 2102 τῶν
1135 2040 1168 2101 ἐν
1231 2034 1233 2037 ’

58 2144 211 2220 πολέμοις
227 2137 474 2223 προτερημάτων
495 2137 550 2202 καί
570 2149 638 2214 τοῖς
660 2142 812 2214 ἐναντίοις
840 2138 883 2212 ὥς
904 2138 975 2203 ἐνέν
998 2138 1169 2204 ἀντικαθι-

60 2239 227 2322 οτσίμενος,
253 2243 371 2304 πλείονι
400 2243 434 2305 δὲ
456 2236 537 2326 ῥοπῇ
559 2242 613 2323 τῆς
633 2242 758 2325 τρυφῆς
786 2237 1008 2321 α’ντεχόμενσς,
1031 2239 1088 2305 nos*
1105 2242 1169 2304 τοῖν

20 2342 262 2428 stepponem»
293 2338 338 2423 μή
369 2341 572 2425 ἀπεχόμενος.
632 2339 723 2427 ἔμελε
752 2343 781 2405 δ’
812 2338 967 2427 estepani
988 2339 1168 2421 α’στεϊσμιόν

63 2447 117 2506 καί
137 2444 202 2507 τοῖν
221 2446 254 2506 ἐν
276 2448 384 2524 μίμοις
405 2445 603 2525 γελοιασμιόν
634 2445 689 2506 καί
717 2445 773 2526 τῆς
804 2439 971 2525 ἐπικαίρου
995 2440 1167 2525 (iporeium,

63 2543 116 2607 καί
136 2535 185 2619 οἷς
205 2542 223 2628 ἦ
247 2544 360 2629 ζωτιιιὴ
387 2542 478 2628 ψυχή
503 2547 711 2624 συνέζευιτταί
728 2568 761 2609 τε
788 2546 844 2608 ιιαί
864 2542 1102 2628 συνερρίζωται.
1128 2534 1181 2607 οδ

91 2776 96 2781 ,
133 2721 160 2774 6.
179 2724 352 2793 παλίνορσος
371 2722 400 2776 G.
431 2694 436 2699 ⁵
547 2724 588 2777 15.
618 2722 806 2797 α’ναγεριτέντι
830 2724 860 2777 G.
880 2724 998 2776 correxit
1024 2724 1167 2791 interpres.

17 2886 19 2889 ’
64 2887 222 2953 prudentiae
243 2885 347 2939 inflavit
371 2896 398 2939 et
422 2877 530 2956 capiens
556 2888 601 2939 hio
629 2904 677 2941 vas
702 2887 812 2957 aliquod
831 2889 901 2957 quod
919 2890 991 2942 intus
1010 2890 1094 2941 ferret
1108 2888 1167 2941 Με-

65 2959 115 3009 dici
135 2958 207 3027 ignis
226 2967 388 3025 apparatum,
411 2976 443 3011 ex
462 2960 535 3011 urbis
554 2968 631 3027 porta
649 2962 746 3012 cursim
767 2975 892 3027 egressus
914 2968 955 3011 est
973 2968 999 3011 et
1019 2976 1048 3012 se
1068 2961 1168 3010 immit-

65 3037 121 3080 tens
141 3032 171 3081 in
191 3030 294 3082 medios
314 3029 405 3083 hostes
420 3040 446 3083 et
466 3032 554 3098 ignem
570 3034 610 3082 ori
630 3034 701 3083 vasis
720 3031 854 3095 inficiens,
873 3030 943 3082 hunc
964 3031 1042 3081 fricat
1060 3032 1087 3079 in
1109 3045 1168 3080 ma.

66 3098 171 3153 chinam
194 3110 221 3151 et
239 3101 326 3155 statim
352 3105 425 3170 ,ignis
439 3119 574 3169 {aecensus
594 3104 677 3154 omnis
697 3103 777 3154 desiit
798 3110 828 3156 et.
850 3102 1006 3153 distributus
1026 3109 1083 3163 ειη
1103 3099 1168 3150 alli.

66 3179 125 3239 gata
158 3173 228 3223 enim
255 3174 280 3223 ei
308 3182 383 3224 erant
402 3176 479 3225 etiam
499 3174 629 3237 nonnulla
646 3174 782 3241 togula,a
805 3175 887 3224 muris
906 3174 1026 3225 arcentis
1044 3173 1167 3238 impetus,

66 3252 92 3293 et
110 3260 237 3297 reversus
258 3244 365 3296 Latinus
385 3246 417 3298 ad
435 3246 525 3297 urbem
546 3248 661 3297 intactus
682 3253 788 3311 ereptus
808 3253 848 3296 est
866 3244 981 3295 hostium
1000 3244 1121 3296 manibus
1142 3249 1169 3294 e't

66 3317 256 3380 persecutioni.
297 3316 365 3367 hanc
394 3334 449 3368 rem
469 3317 582 3369 moleste
602 3318 691 3367 serens
710 3315 826 3367 bellator
845 3324 872 3367 et
885 3316 993 3368 multam
1008 3315 1168 3383 simplicita-
1192 3358 1195 3361 .

66 3394 118 3438 tem
138 3401 246 3447 suorum
264 3402 445 3457 cognoscens,
468 3390 537 3457 quod
556 3388 715 3441 Graecorum
735 3389 868 3455 ignaviam
894 3396 1035 3451 censerent
1052 3403 1111 3439 cum
1128 3393 1170 3436 tot

68 3468 157 3511 essent
169 3460 304 3522 virtutem,
324 3462 410 3511 statim
424 3462 559 3527 profectus
574 3461 635 3513 inde
649 3462 679 3511 ad
694 3476 768 3511 suam
782 3469 869 3512 eastra
881 3461 1043 3527 transposuit
1061 3467 1167 3508 terram.

165 3546 222 3598 Ηοο
241 3563 310 3599 anno
335 3548 494 3603 Graecorum
514 3549 580 3603 obiit
607 3566 655 3601 rex
683 3549 871 3603 Constantinus
899 3548 944 3599 hie
970 3544 1168 3628 monomachus,

68 3618 93 3667 iu
112 3620 228 3685 propriis
248 3620 369 3671 domibus
387 3636 475 3687 neque
496 3636 562 3672 vero
581 3623 608 3671 in
627 3621 703 3689 regia
722 3621 823 3673 divisus
852 3620 885 3671 ab
903 3620 989 3671 anima
1009 3618 1081 3671 etin
1099 3624 1168 3667 tem.

39 3702 45 3709 ’
68 3687 111 3753 pio
133 3706 196 3741 ase
215 3692 338 3742 restituto
364 3690 478 3742 cadaver
498 3692 652 3758 deponens,
682 3695 724 3744 vir
749 3692 886 3744 civilium
895 3689 996 3755 peritus
1017 3696 1044 3739 et
1063 3704 1096 3739 ex
1116 3704 1168 3755 ge.

69 3775 132 3810 uere
153 3761 248 3824 nobili,
270 3763 302 3813 ad
324 3762 472 3813 donandum
490 3772 607 3828 promtus
636 3773 662 3814 et
680 3764 757 3830 regie
774 3762 907 3814 beneficia
926 3759 1049 3811 conferre
1069 3760 1167 3824 sciens,

69 3846 161 3885 curans
182 3834 260 3883 etiam
280 3834 307 3883 iu
326 3833 407 3884 bellis
427 3836 554 3884 victorias
578 3843 604 3885 et
623 3834 744 3885 hostibus
764 3848 840 3901 quam
860 3840 951 3898 posset
969 3848 998 3883 se
1019 3847 1167 3899 opponens,

69 3903 167 3955 maiore
185 3913 273 3955 autem
292 3905 467 3957 inclinatione
489 3903 614 3956 mollitiei
633 3906 752 3967 deditus,
772 3918 861 3970 neque
878 3902 957 3954 rebus
976 3904 1100 3956 venereis
1118 3901 1167 3954 ab.

70 3974 178 4027 atinens.
200 3991 279 4027 curae
301 3986 388 4029 autem
408 3978 433 4027 ei
454 3984 529 4027 erant
550 3978 628 4027 etiam
648 3977 700 4026 ioci
721 3982 748 4025 et
766 3973 878 4025 ridicula
898 3976 1033 4027 mimorum
1055 3983 1082 4025 et
1099 3983 1167 4026 tem.

70 4047 172 4109 pestiva
200 4048 323 4099 remissio
363 4056 390 4099 et
423 4048 517 4115 quibus
547 4047 640 4100 virtuti
674 4047 769 4097 anima
785 4047 934 4114 {coniuncta
967 4056 1007 4100 est
1040 4055 1066 4098 et
1093 4047 1169 4115 quasi

69 4116 161 4181 insita3
188 4118 235 4171 sed
257 4120 336 4171 etium
354 4134 426 4172 nova
446 4119 567 4171 aediiieia
595 4120 622 4171 in
643 4120 726 4171 variis
744 4117 818 4170 locis
838 4118 912 4185 fecit,
931 4127 958 4170 et
975 4120 1169 4180 restitutiones,

71 4190 206 4245 continuas
233 4205 336 4257 ponens
368 4194 395 4244 iu
424 4192 580 4256 hiscum,
609 4192 722 4245 novavit
740 4190 853 4245 multas:
884 4192 955 4260 quod
974 4199 1061 4243 autem
1082 4189 1170 4240 omnia
1206 4208 1212 4222 ν
