2834 4750
252 236 290 336 u
554 217 779 306 urcninms‘
806 228 1067 301 trramoraa

253 407 364 490 -repcr
395 394 578 484 περιεζάσω
614 403 668 462 καί
701 397 826 462 πόντων
857 399 1052 478 ε’ξυχωείραν
1084 395 1124 481 τῇ
1155 372 1215 457 τού
1240 388 1376 473 κρότους

268 504 422 589 όπεροχῇ.
465 505 623 574 ποικιλαις
643 498 704 580 γόρ
732 502 787 562 καί
808 499 974 572 παντοίαις
997 502 1107 575 τιμαῖς
1127 496 1182 557 καί
1194 487 1378 572 όοόροιςκαί
1401 480 1402 553 ό

269 603 425 690 ἀφθόνοις
445 603 635 682 χαρίσμασι,
656 597 711 662 καί
733 589 821 672 ὅσοις
842 596 918 661 οάόό
942 595 1054 668 πόντες
1074 591 1104 657 οἱ
1125 589 1269 676 πρόόοὕ
1278 595 1377 671 βασι·
1402 650 1403 681 χ

269 701 437 776 λούσαντες
461 698 537 774 τούς
559 703 592 764 ἐν
615 709 682 773 τοῖς
702 695 834 780 χρόνοις
855 698 962 762 αύτοόν
984 694 1174 778 ἀνθρώπους
1186 692 1378 775 ἠμείψαντο,
1402 686 1403 709 ’

268 800 530 884 κατελάμπρυνας
552 799 585 864 τό
612 795 761 882 όπήκοον,
783 799 838 862 καί
856 800 985 879 γέγονας
1007 798 1051 882 τῷ
1072 786 1139 859 όντι
1162 794 1226 857 τῶν
1241 787 1302 873 πρὸ
1318 781 1404 858 cour

267 907 425 987 βασιλέων
447 897 699 983 βασιλικώτερος,
724 898 767 975 σός
790 897 844 963 καί
863 895 1031 970 τοσούτους
1052 892 1222 972 πολεμίους
1243 894 1298 955 καί
1319 913 1378 954 τυ-

269 1005 402 1088 ράννους
414 998 637 1078 καθυποτάξας
649 999 704 1065 καί
724 1003 793 1080 βίον
814 1002 849 1063 ss
865 999 988 1063 παίδων
999 993 1083 1078 ἔχων
1093 995 1155 1059 τῶν
1169 993 1378 1076 ἀνδραγαθη-

269 1105 378 1190 pnigea
396 1102 430 1169 τό
456 1106 600 1188 payait*
630 1094 708 1182 ὅθεν
718 1104 775 1169 tat
795 1097 928 1182 ἀγόνων
937 1094 1235 1179 ίπόβεσιςμεγίερρ
1247 1095 1377 1176 γέγονας

269 1216 334 1287 τοῖς
358 1207 432 1285 περί
455 1201 563 1284 λόγους
585 1195 819 1270 ἐσπουδακόσιν
829 1200 875 1274 εἰς
887 1199 923 1264 τό
946 1194 1219 1287 συγγρόφειγτοόχ
1234 1198 1300 1262 σιόν
1316 1219 1378 1261 κα-

270 1303 488 1394 τορθωμάτων
510 1299 546 1366 τό
567 1299 762 1384 περιούσιον.
807 1302 878 1365 όπεί
908 1300 944 1363 δὲ
973 1294 1079 1387 οόσπερ
1106 1320 1155 1371 τις
1184 1292 1408 1377 &lappensi-tt

271 1433 327 1494 κης
348 1406 472 1488 σεαυτῷ
492 1401 530 1468 τό
553 1401 655 1466 ίτάντα
679 1402 904 1478 καθοπίταξας
925 1399 1075 1480 ἀκριβῶς,
1098 1399 1153 1460 καί
1173 1395 1267 1460 stota
1289 1395 1379 1481 ἀφῆ-

272 1532 329 1582 κας
350 1510 414 1570 τοόν
435 1503 672 1582 ἐπαινουμένων
691 1505 726 1566 όν
746 1499 852 1589 κόσμῳ
875 1496 1105 1583 ἀκατόρθὸτόν
1127 1518 1164 1561 τε
1177 1495 1233 1560 καί
1253 1496 1380 1560 α’νυπό-

272 1631 402 1687 τακτον,
429 1600 500 1670 ἐἶτα
524 1603 579 1668 καί
593 1603 680 1685 -πρός
699 1599 754 1685 τὴν
776 1601 813 1666 ἐν
836 1608 902 1676 τοῖς
923 1597 1026 1682 λόγοις
1048 1601 1103 1663 καί
1124 1597 1230 1672 πόνοις
1251 1596 1380 1682 όψηλο-

272 1707 379 1783 τάτοις
399 1703 543 1788 σπουδὴν
563 1699 636 1767 όλον
657 1700 797 1786 ἔτρεψας
819 1701 965 1781 σεαυτόν,
985 1699 1106 1785 ἡμέρας
1116 1704 1176 1781 μὲν
1188 1708 1254 1772 τοῖς
1264 1690 1380 1776 ἄθλοις

273 1810 328 1873 καί
350 1815 415 1880 τοϊς
436 1810 500 1868 τιόν
520 1802 717 1888 πραγμάτων
741 1793 847 1884 ὄχλοις
867 1805 971 1865 πονῶν
992 1803 1046 1864 καί
1072 1800 1184 1878 κάλλος
1214 1797 1381 1882 ἀμήχανον
1389 1817 1410 1870 15

216 1929 219 1933 ’
273 1908 378 1995 ἑαυτῷ
398 1907 578 1991 ἐξυφαίνων
601 1903 646 1977 είς
665 1900 735 1978 ἑνός
765 1902 904 1983 κόσμου,
924 1895 946 1986 ἢ
967 1900 1003 1965 τό
1025 1925 1060 1985 γε
1087 1902 1299 1986 ἀληθέστερον
1332 1904 1381 1966 εἷ-

272 2019 343 2074 πεῖν
360 1995 690 2088 ύπερκοσμίουθόξης
713 2003 955 2086 συμπλήρωσιν,
977 2002 1155 2086 ἀλουργίόα
1177 2024 1211 2064 τε
1232 2001 1289 2064 καί
1305 2005 1382 2066 στέ-

272 2129 374 2197 φανον
393 2109 450 2170 οάκ
473 2105 663 2187 ἀποχρῶντα
685 2107 743 2187 τῆς
763 2105 930 2185 βασιλείας
952 2100 1066 2187 ἡγήσω
1089 2101 1275 2185 παράσημα,
1307 2105 1381 2167 στό-

169 2214 174 2220 “
274 2234 374 2298 φονον
399 2210 434 2273 δὲ
454 2209 596 2291 χαρίτων
617 2209 671 2270 καί
691 2205 867 2288 όλουργίόα
890 2205 1065 2286 ξενοπρεπῆ
1089 2203 1130 2267 δι’
1144 2200 1311 2284 εύσεβείας
1323 2203 1382 2269 καί

275 2311 521 2399 φιλανθρωπίας
545 2309 601 2370 καί
620 2305 738 2390 ἀρετῆς
759 2301 812 2369 tari
836 2301 954 2381 παντός
984 2303 1223 2385 ε’πιόείκνυσαι,
1249 2308 1305 2369 καί
1335 2307 1412 2395 argiri

184 2398 191 2409 ι
274 2414 431 2494 στόψαντί
448 2433 484 2475 σε
504 2411 570 2497 θεῷ
590 2405 671 2471 κειτόι
692 2405 729 2471 τό
752 2405 890 2471 όυνατόν
912 2403 1070 2494 ἀνθροόπτρ
1089 2408 1241 2489 γενέσθαι
1269 2398 1381 2486 ὅμοιος

276 2508 549 2596 περισπούδαστον
575 2504 665 2591 ἔργον
695 2509 891 2592 πεποίησαι,
919 2507 961 2583 ὥς
981 2508 1037 2571 καί
1057 2509 1097 2595 τῇ
1117 2504 1294 2591 ἀναγνώσει
1323 2509 1384 2573 καί

276 2604 407 2696 ἀσκήσει
427 2614 490 2675 τάν
517 2608 618 2693 λόγων
639 2604 780 2687 δικάζειν
803 2608 951 2693 ἀρρεποός
973 2612 1030 2674 καί
1049 2610 1191 2703 νοριίμως
1211 2606 1384 2695 καὶπρότ-

349 2780 375 2833 3.
389 2776 481 2867 ,ὅσους
500 2778 530 2833 ὓ.
562 2750 568 2757 ’
623 2778 667 2831 23.
688 2776 800 2842 όικάζει
818 2777 849 2832 c.

280 2917 418 2991 potentiae
435 2915 607 2983 praestantia.
646 2914 729 2967 variis
749 2914 819 2965 enim
839 2921 866 2965 et
883 2912 974 2966 multia
1001 2912 1148 2970 honoribus
1171 2921 1199 2967 et
1224 2916 1384 2973 muneribus

285 2983 426 3055 ολρλεοὶε
450 2986 542 3051 doris,
568 2992 596 3039 et
624 2992 722 3052 qumis
745 2998 781 3037 uo
808 2998 900 3039 annet
918 2985 1025 3054 quidem
1042 2988 1170 3055 (γαλαταεα
1188 2995 1216 3039 tc
1233 2990 1388 3057 regnarunt

280 3058 439 3128 aequalibus
455 3058 637 3125 reddiderunt,
655 3056 743 3121 beasti
761 3055 907 3120 archipater,
928 3064 955 3109 et
966 3056 1092 3124 tartarea
1109 3074 1207 3117 revera
1216 3060 1251 3114 iis
1260 3062 1308 3128 qui
1319 3071 1385 3115 aute

280 3141 308 3184 te
326 3136 471 3199 regnarunt
489 3128 618 3197 regalior,
637 3135 667 3179 ut
685 3128 765 3179 etiam
785 3134 872 3181 tantos
892 3126 983 3182 hostes
1003 3138 1030 3181 et
1048 3136 1176 3196 tyrannos
1193 3127 1344 3186 subieceris
1356 3140 1386 3185 et

281 3204 362 3256 vitam
381 3216 414 3253 ex
431 3199 525 3273 liberis
546 3200 776 3271 capiaaaimrum
795 3199 902 3262 tertium
921 3200 1050 3271 boarum
1057 3202 1277 3274 mgnuatinem.
1297 3219 1386 3272 quare

283 3275 362 3325 etiam
387 3272 557 3323 certaminum
584 3278 768 3338 argumentum
800 3271 939 3322 maximum
965 3270 1050 3325 iactus
1075 3288 1106 3325 cs
1138 3274 1288 3326 orationum
1321 3283 1386 3327 stu.

282 3345 365 3396 diosis
393 3344 420 3394 in
455 3342 647 3395 conscribenda
677 3348 782 3393 tuorum
816 3342 946 3393 factorum
976 3344 1063 3409 copia.
1117 3352 1255 3413 postquam
1291 3353 1386 3397 autem

282 3418 405 3486 tauquam
426 3415 513 3465 victor
532 3412 750 3481 olympicus'tibi
778 3413 867 3469 onata
893 3413 1024 3481 subegisti
1051 3423 1161 3481 aperte,
1187 3430 1276 3483 nequa
1300 3418 1387 3484 quid.

283 3502 361 3556 quam
382 3499 481 3550 eorum,
501 3486 616 3553 quaein
635 3484 732 3535 mundo
753 3483 938 3548 celebrantur,
967 3484 1095 3538 iniectum
1120 3501 1209 3555 neque
1234 3500 1289 3538 uon
1315 3488 1386 3539 sub.

282 3560 403 3620 iectum3
430 3556 525 3609 deinde
552 3557 631 3607 etiam
657 3556 807 3607 orationum
833 3562 860 3606 et
886 3555 1086 3607 meditationum
1109 3555 1297 3609 altissimarum
1322 3567 1387 3610 atu.

283 3631 326 3687 dio
345 3636 429 3704 toturn
450 3636 478 3680 te
497 3626 657 3692 efformati,
676 3634 781 3693 tempus
800 3623 989 3685 certaminibus
1009 3634 1036 3680 et
1052 3628 1184 3684 factumn
1202 3630 1280 3696 copia
1299 3646 1387 3685 exer.

283 3716 357 3764 cens,
379 3708 405 3753 et
424 3698 647 3766 pulchritudinem
667 3692 821 3753 immensam
840 3694 888 3749 tibi
908 3698 959 3763 ipsi
979 3706 1126 3752 contexens
1145 3701 1174 3753 iu
1191 3702 1271 3754 unius
1290 3703 1388 3756 muudi

284 3772 353 3833 sira,
371 3778 400 3821 ut
419 3770 509 3823 verius
529 3770 623 3831 dicam,
644 3768 872 3837 supramundanae
891 3767 995 3837 gloriae
1015 3769 1209 3836 perfectionem
1221 3786 1389 3839 5purpuram

284 3850 311 3897 et
330 3854 454 3894 coronam
471 3855 526 3897 nou
544 3840 671 3905 sufficere
691 3839 797 3907 imperii
818 3840 916 3905 putasti
935 3840 1056 3909 signum,
1077 3842 1125 3894 aed
1140 3856 1265 3898 curcum
1278 3844 1388 3911 gratiae

284 3922 312 3965 ct
328 3926 471 3979 purpuram
489 3912 641 3963 inusitatam
659 3912 760 3979 pietate
780 3918 807 3962 et
824 3910 987 3963 humanitate
1007 3919 1034 3963 et
1051 3912 1151 3968 virtute
1169 3916 1277 3967 omuino
1289 3924 1390 3969 osteu-

284 3984 342 4047 dia;
360 3989 439 4051 atque
458 3981 519 4045 deo,
542 3983 588 4055 qui
606 3991 633 4035 tc
653 3984 803 4048 coronarit,
823 3991 950 4052 quantum
968 3983 1069 4036 homiui
1086 3982 1162 4049 iicet,
1180 3982 1295 4041 aimileur
1314 3987 1388 4052 fleri,

285 4068 352 4124 opus
371 4052 419 4105 tibi
440 4054 603 4121 proposuisti
629 4054 841 4123 optatissimum,
862 4062 891 4106 ut
910 4047 990 4115 etiaua‘
1009 4053 1129 4113 lectione
1149 4063 1177 4110 at
1189 4059 1389 4116 exercitatione

284 4125 434 4194 oratiouurp
460 4122 562 4181 iudicas
586 4124 677 4183 stabili
704 4132 732 4183 et
759 4127 829 4182 iusto
853 4124 950 4196 noto,
973 4133 1001 4184 st
1026 4124 1118 4187 tacere
1144 4142 1214 4197 aute
1232 4138 1344 4201 κυρεῖτε
1361 4136 1391 4193 et
1412 4141 1413 4145 ’
