2834 4750
523 250 767 391 'nuruum
811 307 815 311 ·
1144 270 1222 358 ‘ul

116 465 276 528 φαγοντας
298 443 491 526 διατηρῆσαι
521 449 576 508 καί
599 444 761 522 ύπαλύξαι
788 443 843 508 τύν
871 443 1016 510 κίνδυνον
1037 450 1219 531 μελετῆσαι,

114 544 190 607 ἀλλ’
220 540 297 624 ὅπερ
328 544 368 617 ού
388 545 495 625 γέγονέ
526 567 614 624 ποτε,
646 547 854 628 πλημνρήσαι
880 543 913 610 τὸ
943 541 1030 628 ύδωρ
1065 551 1120 613 κατ’
1154 542 1221 613 οἷον

113 644 372 727 ἀναρροιβδήσαι
392 645 446 706 κατ’
462 641 706 724 α’νερεύξασθαι,
728 647 783 708 καί
806 643 925 720 πάντας
945 638 1046 731 ύρδην
1068 648 1140 724 τούς
1160 672 1220 710 κα-

109 741 355 829 ταπεφευγότας
389 742 582 808 κατακλύσαι
604 743 663 835 Ικαί
690 744 743 829 διὰ
776 745 871 828 ξηρὰς
899 746 1116 830 ύποβρνχιόνς
1138 745 1220 812 dua-

68 862 95 915 5
110 843 326 964 προήσεσθαι.
372 847 473 908 ταῦτα
494 849 666 927 τοιγαροῦν
695 848 939 931 ε’πιδιηγηθέντα
969 849 1121 931 πολλήν’
1106 853 1219 931 τνήκσν

109 941 175 1028 τήν
199 941 392 1024 οῗθνμέαν
376 953 451 1064 ημῖν
481 969 524 1018 ως
548 947 582 1009 ἐκ
605 950 778 1030 θεσμηνύας
800 952 862 1011 τῶν
894 950 1006 1015 δεινῶν
1025 945 1220 1031 ἐπισσμβατ,

109 1044 245 1126 πόντων,
267 1070 319 1111 και
343 1043 386 1128 μή
411 1043 507 1125 μόνον
528 1050 592 1110 τοῖν
615 1051 775 1129 πολεμιων
796 1048 875 1112 α’λλοὶ
894 1051 1030 1112 καὶτῶν
1053 1054 1219 1132 στοιχείων

109 1144 377 1227 ἀπομαχομένων
395 1155 465 1220 τοῖς
487 1145 605 1209 καθ’“
586 1173 680 1228 ημος.
727 1147 809 1211 οἷλλσὶ
831 1152 885 1214 κατ’
905 1143 949 1222 (ὃς
971 1151 1138 1229 ἐδοκίμαζε
1160 1151 1220 1230 μὲν

110 1269 169 1308 και
165 1237 258 1309 οἷον
280 1245 503 1368 ἐσφάδαζεν“
486 1271 502 1308 ο
509 1239 654 1366 κρατῶν
676 1251 952 1332 διαπεραιωθῆναι
976 1273 1053 1367 μετα
1080 1253 1141 1315 ταῖν
1160 1272 1220 1312 πε-

49 1355 95 1410 10
110 1342 249 1428 ριύκτιον
272 1347 358 1434 αύτῷ
381 1350 592 1430 στρατιωτῶν,
616 1353 670 1412 κατ’
689 1358 753 1422 τοις
775 1351 852 1413 nerei
873 1347 929 1432 τήν
946 1345 1030 1414 εούαν
1053 1355 1220 1435 παραβοη-

82 1444 215 1529 ’θησαν
242 1472 323 1510 κατα
352 1471 387 1511 το
423 1447 581 1512 δυνατόν·
634 1449 802 1532 οἶπείργετο
827 1453 862 1512 δὲ
885 1460 951 1525 τοις
973 1475 1006 1515 τε
1027 1451 1250 1532 σνμβούλοιςγ
1263 1475 1352 1534 195,

108 1555 168 1612 κατ’
189 1553 226 1634 τῇ
255 1547 365 1638 σῖγνσύρ
394 1553 451 1612 τού
473 1546 616 1631 πλήθους
649 1547 713 1614 sodo
734 1553 883 1615 ἐναντίων
915 1557 969 1616 κατ’
987 1556 1027 1639 τῇ
1048 1555 1219 1642 παρακοπή

106 1652 175 1714 reio
197 1672 278 1728 μετα
303 1652 362 1712 τού
385 1650 625 1733 κονροπαλύτον
649 1647 826 1731 δυνάμεων.
873 1645 946 1716 ύθεν
972 1677 1023 1719 και
1047 1679 1133 1718 ακων
1153 1662 1218 1728 τοῖς

106 1754 286 1832 βασιλείοις
309 1753 479 1830 ἐπέμεινεν.
1192 1805 1197 1810 .

52 1855 94 1908 15
204 1850 354 1934 Ἡμεριύν
377 1854 412 1914 δέ
435 1853 665 1934 διαγενομένων
686 1856 779 1918 τινοῖν
800 1848 891 1936 ἑτέρα
913 1879 959 1928 τις
972 1841 1072 1940 ’φήμη
1092 1853 1143 1919 τὸν
1153 1861 1218 1937 βα-

108 1957 203 2018 σιλέα
226 1954 282 2015 κατ’
305 1953 340 2014 τὸ
361 1951 538 2033 Ῥωμαϊκὸν
552 1953 755 2036 ἀνεκτήσατο.
779 1946 817 2036 ἦν
839 1950 900 2038 γαρ
925 1948 975 2019 ὅτε
997 1954 1014 2016 ύ
1035 1959 1097 2019 τούν
1113 1955 1218 2037 Τούρ-
1243 2020 1246 2025 ,

108 2079 174 2118 κων
210 2049 385 2137 ἡγούμενος
417 2052 472 2117 καί
502 2052 770 2136 καταπολεμήσας
798 2052 833 2117 τό
857 2054 1010 2139 ἡμέτερον
1030 2053 1216 2138 στράτευμα

109 2159 166 2219 κατ’
186 2154 241 2224 τὸν
260 2154 395 2239 στρατὸν
415 2153 600 2238 ύποχείριον
616 2153 836 2238 ποιησάμενος,
860 2149 896 2216 dv
910 2157 1034 2220 πολλῶν
1056 2153 1217 2223 ταλάντων

108 2259 268 2340 πρίασθαι
291 2252 397 2319 virori
416 2261 524 2337 γένους
542 2256 643 2318 αύτού
659 2255 914 2338 παρεσκεύασαν,
939 2263 1148 2340 προσέρχεται
1172 2249 1216 2342 rol

55 2361 240 2440 adplaudet
263 2347 355 2437 μένος
384 2353 463 2436 μετοὶ
494 2357 550 2420 τού
583 2357 762 2439 στρατηγοῦ
770 2408 779 2438 ,
813 2358 916 2442 φιλῶν
942 2359 1063 2439 οἰκέτης
1092 2360 1215 2437 μᾶλλον
1277 2376 1280 2380 ’

109 2455 189 2522 εἶναι
208 2461 264 2520 τού
291 2454 498 2539 βασιλέως
485 2452 505 2538 ή
526 2454 728 2541 στρατάρχης
755 2462 818 2521 ταῖν
841 2452 969 2523 Ούννων
983 2459 1214 2578 γνωριζεσθαι.

108 2554 197 2623 sord
230 2556 321 2678 λύγος
353 2559 398 2633 τις
432 2555 523 2642 ἔργον
556 2559 742 2641 ἐκβέβηκεν·
794 2555 931 2641 έλήλνθε
952 2557 1014 2642 γύρ
1037 2583 1121 2679 εχων
1140 2545 1214 2639 μεθ’

107 2656 226 2725 ἑαυτοῦ
246 2655 299 2723 τὸν
331 2660 498 2743 εἰρημένον
518 2662 577 2725 τού
598 2682 738 2745 orporea
763 2656 1022 2750 προεξσὶρχοκτα,
1045 2654 1081 2738 ὃς
1102 2664 1158 2731 κατ’
1176 2646 1213 2749 :fi

198 2882 206 2898 .
179 2842 507 2919 δέκαρρεέξασδανθ
509 2884 517 2900 .

108 3023 136 3071 et
152 3018 239 3071 vitare
258 3016 406 3084 periculum
425 3018 573 3072 studuisse:
598 3020 646 3071 sed
665 3020 737 3087 quod
754 3033 889 3087 nunquam
911 3018 1010 3070 lactum
1030 3028 1087 3071 erat
1109 3034 1211 3089 eroga.

107 3099 160 3142 tam
192 3104 251 3140 esse
275 3104 384 3157 aquam,
407 3098 434 3143 et
456 3091 532 3158 quasi
553 3090 708 3142 efferbuisse
729 3098 756 3141 et
782 3097 918 3141 eructasse
946 3098 973 3140 et
992 3104 1084 3141 omnes
1103 3105 1213 3157 prorsus

108 3162 239 3229 fugitivos
259 3160 390 3244 obruisse,
408 3170 434 3213 et
452 3162 479 3211 in
491 3162 565 3216 arido
581 3160 775 3213 submersisse.
796 3160 884 3211 haec'
877 3162 959 3226 igitur
972 3162 1092 3211 nuntiata
1104 3162 1213 3213 multam

107 3231 280 3287 attuleruut
273 3233 406 3303 ignavium
423 3232 501 3283 nobis
516 3234 591 3300 quasi
612 3248 645 3285 er
661 3235 701 3283 ira
719 3232 814 3284 divina
831 3231 963 3283 terribilia
982 3231 1142 3283 obvenirent
1161 3249 1213 3284 ne.

109 3318 162 3371 que
186 3302 272 3357 solum
297 3304 388 3355 hostes
415 3304 462 3361 scd
488 3306 567 3356 etiarn
591 3312 702 3355 naturae
719 3304 792 3354 vires
812 3310 961 3371 pugnarent
980 3309 1073 3355 contra
1089 3311 1210 3357 nostros.

108 3374 155 3430 ted
173 3375 212 3427 sic
231 3390 339 3443 quoque
366 3374 492 3427 censebat
512 3378 561 3427 et
557 3376 631 3444 quasi
656 3374 828 3441 superbiebat
855 3375 1001 3440 imperator
1019 3374 1134 3426 transire
1154 3390 1213 3428 cuur

108 3444 210 3499 relictis
229 3447 254 3495 ei
273 3444 402 3498 militibus
430 3455 455 3500 ct
478 3446 655 3499 orientalibus
684 3461 843 3497 succurrere
867 3462 945 3514 quam
973 3455 1066 3513 posset
1083 3446 1212 3500 maxime.

108 3517 301 3584 impediebatur
319 3524 406 3569 autem
425 3532 474 3583 per
494 3517 662 3571 consiliarios
683 3524 711 3569 et
728 3518 878 3585 ignorantia
901 3516 1077 3569 multitudinis
1096 3516 1213 3567 hostium

111 3596 138 3641 et
157 3588 260 3642 insania
277 3589 375 3639 virium
391 3588 548 3655 curopalati,
569 3588 739 3657 quamobrem
761 3588 806 3639 vel
824 3590 926 3640 invitus
947 3590 975 3639 in
995 3589 1069 3655 regia
1088 3588 1193 3641 mansit.

207 3674 307 3727 Diebus
325 3682 413 3726 autem
434 3676 583 3729 interiectis
602 3675 738 3729 nonnullis
765 3676 819 3727 alia
838 3676 966 3744 quaedum
986 3676 1054 3726 fama
1072 3691 1164 3745 regem
1186 3684 1214 3729 et

111 3746 225 3800 Graecos
248 3745 376 3798 obtinuit·
398 3753 454 3796 erat
474 3747 542 3797 euim
562 3748 666 3829 quando
683 3746 824 3799 Turcarum
844 3748 1002 3813 imperator,
1023 3748 1068 3813 qui
1087 3747 1212 3804 debella-

110 3826 151 3869 ret
167 3824 287 3869 nostrum
307 3818 452 3869 exereitum
473 3825 499 3868 et
518 3819 609 3884 copias
634 3818 810 3881 subiecisset,
838 3832 915 3884 quem
935 3818 1041 3884 quidem
1059 3819 1150 3873 multis
1168 3828 1212 3873 ta-

110 3889 189 3941 lentis
209 3904 297 3940 emere
317 3888 437 3941 homines
454 3890 511 3940 cius
530 3890 638 3957 generis
657 3855 822 3952 studueram,
843 3888 928 3939 adiret
946 3904 1038 3957 regem
1057 3890 1132 3943 solus
1152 3908 1212 3945 eum

111 3962 188 4024 duce,
211 3976 269 4011 cum
289 3959 382 4013 mallet
400 3975 495 4013 servus
513 3960 587 4026 regis
614 3974 673 4010 csse
699 3974 777 4026 quam
806 3961 950 4041 imperator
969 3958 1123 4013 Hunnorum
1145 3979 1212 4031 spe-

111 4032 194 4083 ctari:
213 4039 293 4099 atque
311 4034 398 4083 sermo
417 4032 445 4081 in
465 4045 541 4113 opus
551 4030 698 4097 processit.
718 4030 792 4080 venit
817 4030 888 4081 enim
906 4046 996 4083 secum
1016 4032 1117 4087 hubenc
1137 4048 1213 4089 eom-

111 4108 282 4163 memoratmn
303 4103 436 4154 exercitus
455 4102 621 4169 principem,
642 4101 688 4167 qui
707 4100 813 4168 quidem
832 4100 864 4153 ad
882 4104 984 4170 regiam
1004 4106 1119 4170 transiit,
1138 4119 1212 4157 suam

111 4174 306 4241 multitudinem
334 4173 491 4246 relinquens
521 4181 547 4225 et
573 4174 712 4227 transitum
734 4171 842 4239 eligens
856 4174 1112 4232 inconsideratum:
1132 4184 1238 4245 atque1
