2834 4750
473 303 477 308 .
507 265 512 269 ·
534 238 743 306 HISTORIA.
1023 290 1024 293 ,
1054 258 1058 272 ·
1128 229 1179 301 2⁷

64 402 182 484 μεῖζον
202 402 440 483 κατεστρέψατο
462 402 557 485 κλέος,
580 385 799 485 ἀδυνατούσης
829 401 955 475 πάντως
976 401 1029 484 τῆς
1049 399 1178 481 ἅνθρω-

68 505 165 586 πίνης
187 500 317 588 φύσεως
339 498 374 564 ro*
396 499 566 581 μέλλονώς
587 503 663 588 ’δέον
681 505 856 583 συμβαλεῖν
871 501 928 564 καί
943 490 1177 583 στοχάσασθαι.

177 600 247 664 Καί
267 600 286 662 o‘
304 603 364 680 μὲν
388 603 431 688 τῷ
452 598 582 687 τοιούτῳ
603 598 821 684 προτερήματι
841 603 1005 684 κορεσδείς
1026 603 1178 683 λαμπρῶς

70 705 121 778 εἰς
145 698 204 785 τὴν
227 701 343 765 οἰκείαν
359 699 773 785 παρεμβοληνέπανέζευξε,
796 695 1036 785 φιλανθρώποις
1058 723 1179 765 σνναν·

41 802 186 887 5τη’σεσι
209 803 263 865 καί
283 803 509 886 προσηγορίαις
529 799 767 886 ια’φημοτοίταις
789 804 845 864 καί
866 809 1070 882 παιανισμοῖς
1091 797 1178 884 παρέ

70 905 141 966 τῶν
162 901 243 986 ἄμφ’
266 899 361 965 αὐτὸν
385 900 625 983 α’παντοέμενος·
647 898 663 963 ὃ
689 902 726 966 δέ
745 899 898 982 βασιλεδς
920 903 1047 985 ἐπείπερ
1071 902 1180 976 α’δείας

71 1000 253 1086 ἐδράξατο,
275 1025 328 1065 και
361 996 439 1086 δ’περ
465 1003 597 1082 έδεδίει,
618 998 675 1086 την
696 1001 852 1086 ε”ξεφόδου
875 976 1018 1086 δηλονδτι
1043 1004 1098 1085 τῆς
1121 999 1181 1064 πό-

71 1109 156 1176 λεως
173 1094 343 1180 αλωσιν,
325 1127 344 1185 η
344 1104 439 1164 θεία
461 1102 630 1185 α’ντίληψις
661 1101 882 1178 διεσκέδασαν,
905 1101 962 1165 ουίι
983 1103 1119 1187 η’μέλησε
1140 1103 1181 1165 δι’

72 1196 189 1286 ὅλης’
173 1205 291 1288 εκείνης
315 1207 372 1286 τῆς
396 1201 518 1286 ἡμέρας
540 1227 591 1266 και
614 1205 669 1284 τῆς
704 1200 814 1276 νυκτὸς
838 1203 894 1286 τῆς
917 1195 972 1267 ε’πέ
993 1203 1094 1290 ταύτῃ
1113 1204 1181 1266 έπι-

26 1302 298 1386 λθσυναθροιζων
327 1300 403 1376 τοδς
434 1302 663 1388 συμφυγόντας
691 1305 753 1367 τῶν
781 1307 916 1368 πολιτῶν
946 1327 999 1368 και
1024 1304 1181 1387 τειχήρεις

71 1405 209 1476 ἐσαῦθις
231 1399 441 1485 ποιούμενος,
467 1399 522 1478 τάς
543 1427 575 1468 τε
606 1403 706 1479 πύλας
726 1407 925 1486 κατυχυρῶν,
947 1403 1002 1468 καί
1021 1405 1181 1478 παντοίοις

72 1497 186 1577 ὅπλοις
208 1505 262 1566 καί
281 1511 442 1587 μηχαναῖς
473 1507 527 1568 κατ’
556 1501 760 1587 πετροβόλοις
785 1499 933 1586 ὀργάνοις
957 1501 1015 1579 τας
1038 1501 1180 1581 ἐπάλξεις

70 1602 308 1686 περιζωννύων.
348 1600 471 1688 τῇδ’
458 1602 589 1690 επιοέσλγ
619 1591 673 1678 τὰς
694 1603 845 1727 δυγυῖμεις
869 1604 1050 1690 α’νειληφώς
1080 1601 1183 1666 ὁτῶν

70 1699 232 1788 ἑσπερίων
262 1705 433 1790 ὑπαίθριον
466 1707 590 1791 κρατῶν
624 1704 829 1790 ε’πιφαινεται
863 1715 930 1781 τοῖς
962 1710 1016 1790 τῆς
1052 1704 1181 1785 πόλεως,

29 1796 255 1879 15εοελπις’
235 1799 278 1869 (δν
316 1804 358 1880 αἱς
395 1811 435 1894 τῇ
469 1807 639 1895 προτεραίρι
681 1802 881 1890 καταπλήξας
918 1809 993 1882 τοὺς
1025 1802 1183 1880 ἐναντίους

70 1904 138 1969 σδν
161 1899 311 1994 εὖλαβείρ
342 1931 393 1971 και
420 1908 510 1995 φόβῳ
542 1903 629 1990 παραὶ
663 1905 783 1971 τούτων
810 1905 1088 1991 υποδεχθησεται,
1124 1929 1183 1980 τας

72 2006 180 2082 πύλας
216 2005 303 2094 scirpi
338 2005 620 2072 ιῖναπεταννδντων
656 2032 711 2070 και
749 2008 803 2090 τῆς
841 2005 922 2092 πρὸς
959 2004 1000 2071 τὰ
1034 2009 1182 2090 βασίλεια

72 2102 238 2190 φερούσης
279 2111 443 2192 βασιλικῆς
485 2111 736 2194 προηγουμένων.
788 2107 830 2181 ὥς
862 2109 898 2172 δὲ
939 2107 1120 2174 τουνυντίον
1161 2133 1179 2224 η

74 2230 156 2272 κατα
181 2203 395 2291 λογισμον
362 2233 431 2293 ειχε
456 2213 638 2294 συνηνέχθη
669 2205 770 2296 τούτῳ
800 2205 840 2271 ταὶ
870 2210 1127 2292 πράγματα,και
1146 2205 1179 2272 τδ
1274 2240 1285 2247 -

31 2309 137 2387 eopia
159 2311 264 2391 τεῖχος
294 2311 417 2390 μειζονι
449 2316 635 2397 παρασκευῇ
663 2313 923 2395 περιειλημμένον
946 2311 992 2385 εἰς
1022 2334 1081 2393 την
1111 2306 1183 2373 έπι-

75 2413 178 2473 οὖσαν
202 2412 361 2492 κατεῖδεν,
383 2410 469 2488 ,τούς
492 2430 525 2475 τε
559 2413 606 2475 ἐπ’
638 2414 727 2499 αὐτῷ
758 2416 961 2497 καθημένους
991 2414 1183 2495 πολεμησεί-

78 2530 174 2583 οντας
195 2512 251 2573 καί
269 2508 327 2593 την
344 2504 462 2587 ἄνοιξιν
477 2515 538 2577 τῶν
560 2514 667 2577 πυλῶν
681 2510 934 2597 προτρεπόμενον
954 2513 1182 2590 διαπαίζοντας

77 2612 188 2675 τοῦτον
213 2610 267 2675 καί
286 2615 553 2697 καθυβρίζοντας,
586 2614 685 2677 πολλὰ
709 2614 765 2698 τῆς
788 2615 980 2696 δυσβουλίας
999 2608 1105 2701 &uesci
1123 2636 1183 2675 eo-

152 2774 196 2827 21.
216 2773 343 2830 κατεῖδον
356 2774 385 2829 G.

80 2937 140 3003 pait
159 2935 284 3004 gloriam,
301 2952 362 2989 eum
379 2952 434 2989 nou
453 2940 539 3005 possit
558 2939 664 2989 omnino
685 2937 820 2991 bominum
836 2946 932 2991 natura
951 2938 1068 2992 futuram
1086 2947 1116 2991 ut
1131 2903 1184 2991 ne.

83 3009 231 3061 cessarium
252 3009 480 3075 comprehendere
501 3018 528 3063 et
548 3009 712 3078 intelligere.

182 3080 271 3147 Atque
289 3080 333 3131 bic
352 3082 457 3149 quidem
483 3083 598 3134 victoria
623 3082 671 3132 tali
690 3082 799 3133 satiatus
825 3082 963 3149 splendido
981 3081 1014 3131 ad
1033 3095 1081 3133 sua
1100 3088 1186 3133 castra
1258 3113 1261 3120 ·

83 3152 172 3214 rediit,
192 3150 312 3204 humanis
331 3154 564 3220 prosecutionibus
585 3162 612 3204 et
630 3153 838 3205 allocutionibus
858 3152 1038 3205 blandissimis
1057 3159 1084 3202 et
1102 3166 1185 3218 ροσε

82 3224 161 3273 nibus
181 3238 197 3272 a
215 3223 270 3273 suis
291 3232 425 3290 acceptus.
464 3240 512 3275 rex
533 3233 620 3275 autem
646 3226 771 3292 quoniam
798 3224 913 3291 periculi
933 3224 1123 3275 immunitatem
1141 3233 1185 3274 to

82 3296 142 3345 nuit
162 3301 189 3343 et
208 3294 279 3361 quod
296 3302 428 3347 metuerat
452 3297 552 3364 (aditus
571 3296 693 3346 nimirum
715 3295 788 3347 urbis
809 3297 1048 3365 expugnationem]
1068 3296 1186 3348 divinum

64 3364 213 3415 'auxilium
238 3366 392 3432 dissipavit,
423 3382 477 3417 non
506 3367 679 3437 negligenter
703 3383 734 3419 se
752 3369 837 3435 gessit
854 3383 903 3434 per
921 3376 1003 3419 totum
1023 3366 1099 3419 illum
1116 3368 1186 3419 diem

85 3444 112 3486 et
124 3444 232 3486 noctem
251 3446 407 3505 sequentem
427 3454 485 3489 cum
506 3438 649 3507 colligeret
668 3437 855 3523 confugientes
879 3440 955 3493 cites
976 3448 1007 3490 et
1025 3439 1106 3489 muris
1125 3439 1186 3487 cin-

85 3514 142 3558 ctos
161 3522 253 3560 rursus
273 3508 376 3559 laceret
394 3518 421 3559 et
439 3518 528 3576 portas
546 3512 661 3561 muniret
680 3519 707 3561 et
735 3512 817 3562 variis
836 3512 915 3563 armis
935 3519 962 3562 et
979 3508 1186 3561 machinationi-

84 3577 132 3631 bus
154 3586 181 3627 et
198 3578 312 3630 ballistis
331 3596 433 3630 murum
464 3597 590 3633 summum
617 3584 754 3649 cingeret,
782 3590 890 3649 postero
916 3589 1002 3632 autem
1021 3578 1066 3629 dia
1084 3579 1186 3631 viribus

84 3650 201 3732 receptis
226 3648 267 3701 illi
292 3651 338 3718 qui
363 3652 461 3716 campis
487 3654 514 3702 in
537 3654 669 3705 occidenti
694 3654 794 3736 apertis
819 3654 934 3719 potitus
948 3659 1006 3701 emt
1024 3659 1135 3716 apparet
1152 3652 1186 3703 iis
1251 3656 1254 3660 ’

85 3721 129 3786 qui
149 3722 178 3771 ia
198 3720 264 3771 urbe
286 3730 376 3784 erant,
396 3729 470 3772 certo
489 3738 608 3789 sperans,
628 3739 658 3775 se
677 3726 777 3792 quippe
796 3740 854 3773 cum
873 3722 1013 3787 superiore
1032 3722 1075 3773 (lie
1096 3731 1185 3774 terru-

85 3792 151 3843 isset
176 3791 284 3856 hostes,
310 3800 387 3843 caute
413 3800 439 3843 et
457 3793 548 3845 timide
569 3795 602 3845 ab
622 3794 661 3847 his
681 3802 818 3859 receptum
837 3794 880 3857 iri,
900 3794 946 3861 qui
965 3800 1055 3859 portas
1075 3795 1101 3843 ei
1118 3810 1185 3861 ape-

85 3862 170 3913 rirent
195 3870 222 3913 et
247 3879 316 3931 quae
341 3864 373 3914 od
398 3866 500 3930 regiam
525 3865 635 3916 duceret
659 3865 798 3917 basilicam
818 3871 979 3930 praeeuntes
996 3866 1184 3917 lrtonstrarent.

87 3948 143 3983 cum
172 3942 259 3984 autem
290 3942 382 3985 contra
406 3950 437 3984 ac
465 3935 673 3986 ratiocinabatur
698 3937 723 3985 ei
754 3937 930 4001 contigissent
955 3952 1000 3987 res
1030 3945 1057 3987 et
1084 3952 1185 3990 murum

53 4016 57 4023 ·
86 4007 185 4055 maiore
204 4015 331 4071 apparatu
351 4006 465 4056 cinctum
488 4008 608 4071 proximo
636 4007 679 4056 die
705 4007 837 4070 viderent,
865 4021 911 4060 eos
931 4016 1019 4059 autem
1039 4010 1083 4075 qui
1104 4010 1131 4058 in
1152 4022 1184 4059 eo

12 4128 18 4139 ,
86 4076 221 4127 constituti
242 4084 315 4127 erant
334 4086 498 4143 pugnaturos
519 4076 643 4141 ethnae,
673 4084 731 4127 cum
751 4086 779 4128 ut
804 4080 939 4144 aperirent
958 4087 1047 4145 potios
1065 4087 1187 4131 moneret

86 4146 201 4201 ridentes
222 4155 248 4201 et
266 4146 427 4216 illudentes,
452 4164 615 4221 magnopere
644 4158 753 4217 propter
785 4152 960 4204 temeritatem
984 4166 1013 4206 se
1042 4152 1184 4217 incusavit,
