2834 4750
547 294 755 365 ursnoan.
816 344 866 369 ,.
1007 373 1012 378 ,
1097 247 1236 386 ata

76 447 167 540 iate,
190 446 247 540 δση
269 456 350 520 κατὰ
368 459 523 524 Πισιδίαν
545 462 601 524 καί
617 461 778 542 Ἰσαυρίαν
800 460 855 522 καί
877 457 978 542 αὐτην
994 458 1191 540 Λυκαονίαν,

76 559 133 631 εἰς
160 551 256 640 uniaris
278 581 312 620 τε
333 559 396 623 τών
410 555 634 644 Παφίαγδυων
659 557 714 623 καί
725 558 916 643 Ὁνωριώδα,
935 562 990 624 καί
1008 556 1130 636 πάντας
1149 561 1192 650 τᾷ

75 654 206 739 πλήθει
227 654 407 737 βιάσασθαι
430 663 582 742 γενέσθαι
602 658 660 743 ὑφ’
681 652 817 738 ἑαυτόν,
847 651 914 722 εἶτα
938 663 992 722 καί
1018 660 1063 733 είς
1083 657 1190 724 Βιθυ.

62 759 162 821 Ινίαν
183 757 338 839 εἰσδῦναι,
359 759 414 824 καί
437 749 540 824 πᾶσαν
562 753 675 823 ἄδειαν
696 757 870 844 ’ἐμφράξαι
898 767 964 834 τοῖς
986 756 1020 824 ἐκ
1040 761 1097 839 τοῦ
1121 758 1192 826 Βιί-
1255 768 1257 773 ’

45 859 202 937 5ζαντος
225 863 423 943 στρατιώτας
448 862 516 924 κατ’
550 861 650 925 ndacii
673 867 860 944 συναγεῖραι
883 863 940 925 καί
958 859 1096 941 πόλεμον
1117 863 1192 924 διιε-

74 966 196 1043 γεϊραι
217 957 317 1049 τούτῳ
341 951 428 1036 ἄξιον
443 956 544 1043 ’λόγου
568 961 622 1023 καί
642 961 842 1046 πράγματος·
885 957 915 1024 οἱ
934 958 996 1045 γαρ
1017 963 1075 1046 τῆς
1096 956 1191 1026 ἐσσί·

76 1084 147 1144 ρας
171 1062 364 1144 στρατιῶται
384 1059 440 1143 τὴν
461 1064 531 1126 κατ’
553 1061 654 1125 αὐτοῦ
676 1062 1054 1142 ἐξομόσαντεςισῖιτιστιάν
1075 1060 1129 1126 dcci
1152 1062 1189 1129 τὸ

75 1165 450 1247 προκατασφαλισθῆναι
481 1155 584 1243 ὅρκοις
617 1161 674 1246 μη,
698 1155 736 1225 ἄν
764 1184 838 1225 ποτε
869 1165 1094 1248 συμφρονῆσαι
1126 1171 1190 1237 τοϊς
1239 1217 1244 1224 ,

76 1264 160 1327 κατ’
184 1261 287 1326 αὐτοῦ
310 1265 555 1346 γενησομένοις.
583 1315 590 1332 .
616 1310 623 1327 .
674 1265 730 1326 νῦν
753 1263 787 1326 δὲ
808 1261 853 1346 μή
887 1266 990 1339 καλώς
1010 1261 1191 1342 βσυλευσοί·

31 1382 68 1434 10
78 1384 184 1446 μενος
206 1369 311 1436 κακοῖς
333 1363 478 1438 αἀλὲτοις
505 1365 561 1426 καί
588 1364 795 1447 περιωδύνοις
828 1388 931 1450 σερε.
961 1409 968 1426 .
1001 1362 1060 1449 .’ρη
1089 1361 1193 1446 πράγ-

78 1487 198 1546 μασιν.
224 1461 372 1546 ίμβαλών
393 1463 455 1548 γάρ
478 1467 528 1540 εἰς
542 1463 597 1549 τὴν
617 1465 678 1529 τών
696 1467 837 1531 Κιλίκων
859 1464 979 1552 χώραν,
1001 1462 1321 1537 claudendae-mltis.

77 1587 163 1639 τους
186 1564 332 1641 αδλώνας
355 1562 493 1648 ἔχουσαν
508 1571 543 1634 ἐκ
563 1569 626 1631 τών
641 1565 772 1651 Ταδροο
795 1557 890 1649 dada,
911 1563 1003 1649 ἔμενε
1019 1563 1098 1632 acroi
1123 1564 1192 1651 χώ-

80 1657 159 1749 ραν’
171 1657 277 1749 ώσπερ
301 1661 417 1730 ἑαυτὸν
439 1667 641 1751 ἐγκαθείρξας
665 1667 719 1730 εἰεί
732 1673 776 1754 aqi
786 1669 893 1748 μένειν
905 1667 1066 1751 αἰιρόιτον,
1080 1659 1192 1732 ἄδειαν

81 1768 122 1829 δὲ
146 1775 212 1842 τοῖς
236 1767 511 1850 ἀντιτεταγμένοις
534 1773 693 1853 παρέσχεν
714 1770 815 1844 α’δεώς
839 1768 1033 1853 στρατιώτας
1053 1767 1192 1852 α’γείρειν
1285 1848 1289 1852 ¹

35 1870 144 1938 15καί
165 1865 219 1932 τὸν
242 1865 410 1947 πολεμικὸν
436 1875 598 1936 ποιεῖσθαι
631 1867 817 1952 κατώλογονε
872 1865 1190 1954 ἐκπεμφθείςγδρδ

81 1969 195 2051 ἕτερος
215 1970 279 2032 τών
299 1965 393 2032 υἱέων
416 1975 473 2034 τοῦ
494 1974 661 2052 Καίσαρος
688 1969 888 2053 Ἀνδρόνικος
920 1966 1190 2053 αρωτοτιρὸεδρος,

83 2073 145 2134 κατ’
165 2072 355 2152 προβληθεὶς
377 2073 562 2152 δομέστικος
581 2072 638 2155 τῆς
658 2071 826 2154 ἀνατολῆς,
849 2075 883 2136 ἐν
904 2072 1091 2157 παρασκευῇ
1108 2068 1190 2135 noir&

84 2194 149 2245 τας
178 2168 254 2246 τούς
285 2170 481 2255 στρατιώτας
502 2177 670 2257 πεποίηκε,
700 2176 866 2256 σιτηρέσια
894 2174 1058 2252 διανείμας
1081 2169 1192 2247 ου’τοϊς

84 2269 245 2334 καὶκατὰ
280 2269 394 2358 μικρὸν
428 2264 569 2349 ἅπαντας
602 2269 931 2354 τιροοικειωσσίμενος,
960 2275 1191 2355 σοναιρσμίνου

38 2373 149 2443 20τοῦ
171 2376 362 2456 Κρισιτίνου.
406 2377 460 2438 κατ’
478 2369 576 2450 οὕτως
595 2373 674 2456 μετσὶ
702 2370 737 2438 τὸ
760 2376 915 2458 συστῆσαι
936 2373 993 2457 τὴν
1015 2367 1092 2457 ίίλην
1112 2374 1193 2437 ον’ν-

84 2477 179 2551 ταξιν
198 2478 260 2538 τών
281 2473 447 2555 δυνάμεων
470 2472 580 2563 προῄει
609 2474 691 2540 κατὰ
715 2478 770 2539 τοῦ
792 2478 964 2561 Διογένους
986 2474 1029 2549 ώς
1047 2476 1103 2556 τῆς
1126 2476 1192 2537 Κι-

85 2574 186 2639 λίκων
209 2572 448 2660 ἑαιβησόμενος,
468 2579 523 2639 καί
547 2573 605 2658 τὴν
626 2577 754 2660 συνήθη
775 2580 963 2659 κλεισοῦραν
984 2574 1040 2658 την
1058 2576 1119 2639 τοῦ
1136 2580 1191 2637 λε-

85 2678 223 2759 γομένου
248 2676 431 2743 καταλιπών
455 2679 627 2743 flotano&
648 2676 771 2762 διαίτης
790 2674 1024 2764 τών.’ίσαώρων
1042 2678 1088 2753 εἰς
1110 2663 1213 2742 ταώ·-Ν

163 2837 189 2890 5.
210 2836 396 2909 στρατιώταις
413 2837 443 2893 0.

90 3017 151 3053 cum
171 3007 244 3053 tanta
261 3001 430 3053 multitudine
450 3004 478 3055 in
498 3003 658 3055 Graecorum
677 3010 773 3053 terram
792 3002 923 3065 incidere,
944 3002 1014 3069 quod
1031 3004 1127 3054 attinet
1145 3002 1191 3055 Pi.

89 3074 187 3141 sidiam
201 3080 227 3123 ct
243 3073 371 3124 Isauriam
390 3083 416 3125 et
430 3074 589 3140 Lycaoniam
609 3084 635 3125 et
646 3072 855 3141 Paphlagoniam
875 3079 902 3123 et
912 3071 1069 3125 Onariadem
1083 3087 1191 3126 omnes-

90 3160 146 3213 que
167 3143 336 3195 multitudiue
363 3144 414 3196 sibi
433 3144 581 3209 subiicere,
601 3145 696 3197 deinde
717 3144 796 3194 etiam
820 3144 848 3193 in
865 3142 1019 3208 Bithyniam
1038 3144 1191 3212 ingrediset

91 3230 197 3267 omnem
227 3216 395 3267 occasionem
423 3216 561 3269 obstruere
590 3216 719 3267 militibus
747 3214 901 3280 Byzantiis,
933 3215 1073 3282 quominus
1098 3222 1193 3266 contra

92 3302 153 3337 eum
173 3302 239 3354 opes
258 3295 387 3355 cogerent
411 3295 437 3338 et
456 3288 556 3340 bellum
574 3296 716 3339 moverent
745 3286 807 3337 huic
832 3287 939 3353 dignum
958 3285 1042 3338 verbo
1063 3294 1090 3337 et
1110 3286 1191 3337 lacto.

91 3357 275 3409 occidentales
297 3359 366 3409 enim
384 3359 483 3411 milites
502 3358 686 3411 infidelitatem
700 3360 729 3409 in
743 3373 802 3409 enm
822 3358 1002 3421 eiuraverant,
1022 3372 1081 3408 cum
1101 3364 1192 3408 essent

90 3439 171 3480 antea
191 3430 360 3480 iureiurando
379 3429 499 3482 obstricti
518 3447 547 3482 se
566 3446 698 3499 nunquam
720 3428 919 3495 conspiraturos
945 3445 1003 3480 cum
1028 3430 1085 3479 eius
1104 3426 1192 3479 hosti.

90 3500 160 3563 bus;
180 3507 234 3551 tum
252 3509 339 3553 autem
357 3516 411 3552 uon
430 3501 500 3554 bene
519 3502 569 3553 sibi
598 3501 752 3564 consulens,
771 3499 848 3551 malis
867 3500 1020 3567 ingentibus
1041 3507 1068 3550 ct
1085 3498 1190 3550 miseris
1259 3524 1267 3535 ·

91 3570 269 3623 circumfusus
289 3580 329 3623 cst
347 3572 436 3623 rebus.
474 3574 611 3641 ingressus
631 3575 699 3624 enim
728 3574 755 3623 in
775 3570 888 3625 Cilicum
905 3578 1002 3622 terram
1022 3571 1108 3623 invias
1130 3568 1192 3621 val.

89 3643 133 3695 les
151 3644 277 3694 montium
293 3642 370 3694 'lauri
398 3642 556 3708 habentem,
578 3645 675 3696 mansit
698 3646 726 3695 in
744 3642 806 3694 loco
826 3644 901 3710 quasi
930 3658 960 3695 se
979 3643 1091 3711 cingens
1108 3649 1137 3692 nt
1155 3638 1192 3691 ibi

90 3724 264 3766 remaneret:
300 3716 469 3765 occasionem
502 3724 588 3765 autem
622 3715 742 3767 hostibus
776 3713 899 3782 praebuit
935 3719 992 3765 tuto
1019 3712 1118 3764 milites
1142 3726 1192 3762 co.

92 3786 173 3853 gendi
204 3792 230 3834 et
254 3784 382 3835 bellicum
410 3786 549 3837 instituere
577 3786 719 3837 delectum.
762 3786 858 3836 missus
886 3785 956 3834 enim
986 3784 1054 3835 alter
1077 3782 1191 3837 liliorum

93 3856 238 3919 Caesaris,
279 3856 446 3908 Andronicus
486 3872 595 3923 praeses
637 3859 737 3923 primus
777 3865 804 3907 et
841 3856 994 3924 designatus
1030 3855 1193 3907 domesticus

93 3928 225 3991 orientis,
246 3935 373 3994 apparatu
392 3929 527 3995 praeditos
555 3928 645 3980 omncs
664 3928 763 3980 milites
781 3926 910 3992 reddidit,
940 3928 1071 3997 stipendia
1089 3928 1122 3979 iis
1141 3926 1193 3979 tri.

92 3997 178 4051 bueus
204 4006 231 4048 et
257 3998 334 4049 brevi
362 4013 454 4050 omnes
478 3998 528 4051 sibi
555 3998 702 4050 concilians
730 3998 873 4051 adiuvante
901 4014 959 4050 eum
979 4000 1109 4068 Crispino.
1148 4007 1191 4050 at-

94 4084 146 4137 que
167 4072 211 4141 ⁸ita
235 4077 374 4138 postquam
390 4072 480 4141 {totum
506 4071 625 4121 ordinem
654 4071 818 4121 exercituum
847 4073 1013 4137 composuit,
1033 4085 1193 4141 progressus

94 4149 135 4192 est
153 4148 246 4192 contra
271 4142 435 4210 Augustum,
464 4141 576 4196 Cilicum
602 4150 698 4194 terram
732 4143 889 4193 invasurus:
921 4151 947 4194 et
974 4146 1109 4196 consuetis
1136 4141 1192 4194 Ρο-

95 4210 165 4265 danti
198 4211 263 4265 dicti·
290 4215 419 4282 angustiis
453 4212 556 4267 relictis
588 4228 637 4282 per
669 4213 796 4268 isauriam
823 4212 851 4265 in
884 4212 953 4267 hauc
984 4216 1096 4281 incidit,
1131 4226 1191 4265 cum
