2834 4750
439 294 442 303 '
523 285 733 360 maronii.
1125 289 1170 360 81

68 441 178 508 αύτοό
190 443 245 510 καί
265 449 323 512 τού
337 449 606 530 όπαποσταλίντος
617 457 787 533 βασιλικοῦ
801 450 999 538 όνδρόποδος
1015 448 1061 530 εἰς
1081 455 1175 519 coste

57 545 147 610 ,δέον
171 542 250 610 rard
276 551 332 632 τῆς
351 551 500 635 ,τοιαύτης
523 555 781 635 ε’κιιεπολόμωται
802 554 932 633 πόλεως.
975 550 1091 625 τούτου
1111 552 1195 639 χεὶρ,
1250 539 1252 545 ’

70 643 172 728 deasq·
190 643 248 730 την
273 647 336 712 rino*
353 649 530 732 Ῥωμαίους
553 655 809 737 παρερχομένου,
829 646 918 720 οὗτοι
940 659 995 742 τῆς
1020 657 1175 742 οόραγίας

70 744 130 806 καί
150 746 213 809 τεόν
234 745 453 832 όστεροόντων
474 754 518 840 τῷ
538 750 625 842 κόπιρ
647 755 843 840 φιλοκερδοῦς
872 755 1077 838 ἐξαπτόμενοι
1095 762 1177 821 πολ-

25 849 55 902 5
70 839 151 919 λούς
171 839 312 933 α’νῄρουν
332 849 388 914 καί
406 848 535 928 τούτους
563 843 752 933 ἐσκύλευον,
774 853 878 938 ἕωςῆ
901 853 992 941 φήμη
1012 853 1176 938 ταχύτατα

69 939 156 1028 πρός
176 943 232 1012 τόν
253 945 425 1017 σουλτόνον
449 954 632 1037 διέδραμεν.
686 951 702 1017 ό
729 955 765 1018 δὲ
786 951 844 1039 τήν
864 946 960 1041 ύβριν
975 953 1020 1040 μὴ
1044 953 1178 1040 όντγιιοόν

73 1043 212 1129 (όνῆπτε
232 1047 295 1133 γὰρ
316 1048 374 1134 τὴν
396 1050 493 1137 όργήν
515 1055 571 1119 καί
590 1051 624 1118 τό
646 1057 710 1119 τοῖν
732 1051 892 1120 συνόντων
912 1055 999 1145 αύτῷ
1021 1060 1178 1142 στρατιω-

69 1147 137 1210 τοόν
157 1148 287 1234 πλῆθος,
310 1150 356 1235 μη
382 1152 650 1239 α’νεχομένωντην
668 1153 839 1239 παροινίαν
855 1163 1037 1222 καταλιπεῖν
1054 1155 1179 1239 ότιμοό-

71 1249 186 1335 ρητον)
210 1252 321 1332 θυμοῦ
341 1255 443 1318 πνέων
465 1253 520 1319 καί
539 1254 727 1342 ἰταμότητος
748 1257 795 1332 εἰς
822 1255 857 1320 τό
876 1249 1002 1324 Ἀννίω
1022 1255 1178 1341 sudsear,

4 1361 57 1414 10
74 1345 135 1411 καί
154 1352 473 1436 καταστρατοπεδεύει
502 1352 562 1440 πρό
587 1353 699 1422 τούτου
710 1397 722 1444 Δ,
744 1356 872 1443 καὶτῆς
893 1357 1077 1444 πολιορκίας
1095 1357 1176 1443 μετὰ

8 1529 12 1536 Ι
70 1452 192 1534 πολλῆς
223 1444 408 1536 α’πύρχεται
438 1455 492 1537 τῆς
522 1461 734 1541 παρασκευῆς.
785 1457 815 1522 οἱ
847 1460 876 1522 δ’
905 1456 995 1526 ἔνδον
1026 1458 1178 1548 φρουρὰν

68 1545 187 1632 ἱκανόν
212 1546 256 1636 μή
294 1549 418 1637 ἔχοντες
448 1559 599 1640 (περιεῖλε
630 1557 692 1644 γὰρ
722 1562 779 1624 καί
804 1557 925 1646 ταύτην
945 1557 1178 1647 χρηματισμός

69 1651 133 1714 ούιι
155 1651 323 1729 α’κίνδυνος
347 1653 569 1739 ύποσχομίνου
598 1662 656 1724 τοῦ
679 1659 821 1740 οἶμίσθου
845 1661 983 1727 ,τουτουί
998 1665 1176 1746 creaverat

70 1756 130 1820 καί
151 1750 269 1840 ταύτης
287 1755 389 1839 χωρίς
418 1755 560 1841 φυλάξαι
589 1763 645 1825 καί
674 1763 783 1844 κέρδος
813 1763 856 1852 τῷ
886 1766 1027 1852 δημοσίῳ
1048 1762 1177 1846 ποιῆσαι

11 1853 115 1921 15τοὶ
139 1857 173 1922 όν
194 1855 274 1943 αύτῇ
294 1853 523 1947 δαπανώμενα)
557 1861 709 1945 α’ντὲοχον
741 1864 802 1943 μὲν
824 1861 904 1948 πρός
926 1860 1053 1949 καιρόν,
1075 1855 1128 1928 οἷα
1148 1863 1178 1926 δ’
1361 1932 1364 1939 ,

72 1953 211 2042 ἔμποροι
234 1959 289 2021 καί
306 1961 483 2039 πολεμικῶν
501 1959 739 2047 μηχανημάτων
752 1965 808 2030 καί
828 1964 1062 2049 προβλημάτων
1083 1964 1206 2027 α’πεί-λ.
1228 1967 1314 2025 rear.

73 2057 180 2143 ρατοι,
202 2055 256 2121 καί
276 2048 432 2141 ἄρχοντος
449 2054 640 2144 χηρεύοντες
661 2065 821 2146 εόχενοός,
844 2065 966 2144 μᾶλλον
988 2061 1094 2146 δὲτὴν
1115 2062 1179 2150 εἷρ-

71 2156 140 2241 χὴν
162 2158 296 2240 δρῶντες
318 2160 604 2247 διχοστατουμένην
623 2161 690 2246 καίΙ
704 2167 894 2249 τεμνομένην
914 2167 958 2250 τῷ
979 2162 1015 2228 τό
1038 2167 1099 2246 μὲν
1115 2169 1179 2246 βα-

74 2255 200 2326 σιλικόν
220 2258 421 2342 α’νδρόποόον
441 2259 477 2325 τό
498 2264 562 2327 πᾶν
574 2267 742 2345 psaltem
762 2267 807 2340 εἰς
829 2257 937 2346 ἑαυτό,
956 2264 1011 2331 τόν
1034 2268 1179 2350 tanay-

17 2357 222 2447 2oxpa'rrros
246 2363 290 2437 εἰς
315 2355 427 2429 ἑαυτὸν
449 2362 484 2430 τό
504 2363 620 2447 κρότος
642 2364 910 2454 α’ντισφαιρίζειν,
940 2370 997 2433 καί
1009 2365 1180 2447 σταοιόζον

73 2464 214 2548 δρῶντες
234 2459 268 2529 τό
289 2468 438 2548 κρατοῦν,
451 2464 454 2472 ’
467 2457 570 2541 ἄλλως
598 2490 632 2532 τε
660 2471 716 2532 καί
728 2472 900 2557 Δπληγέντες
924 2471 1020 2559 ζημίᾳ
1040 2471 1076 2534 τό
1095 2464 1179 2551 πρό-

71 2588 167 2651 τερον
190 2568 241 2653 ἐφ’
263 2556 288 2653 ᾧ
311 2565 426 2652 διόροις
460 2564 698 2649 όκμειλίξαοδαι
719 2570 777 2655 τήν
804 2573 862 2638 τού
884 2570 1097 2655 πολεμήτορος
1117 2570 1179 2655 οἶγ-

73 2668 227 2754 ριότητα,
255 2673 325 2743 ταῖς
346 2674 481 2751 συχναῖς
512 2667 728 2755 ύιιειρηκότες,
744 2676 936 2759 προσβολαῖς
956 2669 1013 2738 καί
1028 2694 1178 2738 κατασει-

114 2834 157 2892 15ζ
176 2834 211 2893 τό
232 2838 257 2898 δ’
277 2841 308 2898 ἐν
327 2839 357 2893 0.

74 2986 132 3059 lum
165 2990 295 3041 excitatus
327 2996 376 3042 est.
423 2988 468 3041 hic
492 2988 562 3041 enirn
590 3004 648 3041 cum
673 2990 834 3057 praeteriret
859 2989 986 3043 Graecam
1009 2996 1107 3043 terram
1132 2993 1178 3045 in.

74 3069 189 3125 tactam,
214 3061 241 3113 hi
264 3060 371 3115 ultimos
405 3068 431 3111 et
454 3068 565 3128 propter
593 3062 776 3130 fatigationem
806 3060 917 3113 relictos
942 3076 1023 3113 avare
1056 3066 1178 3131 aggressi

74 3132 175 3184 multos
193 3132 390 3184 interficiebant
410 3140 436 3183 et
455 3132 504 3184 hos
524 3131 684 3200 spoliabant,
704 3134 790 3185 donec
810 3131 878 3184 iama
908 3132 1049 3183 celerrime
1068 3133 1101 3184 ad
1118 3131 1177 3184 sul.

75 3212 166 3255 tanum
186 3204 346 3255 accurreret.
367 3202 411 3253 bie
427 3212 513 3256 autem
533 3203 683 3271 superbiam
702 3219 756 3255 non
771 3204 860 3255 lerens
878 3202 1089 3255 -accendebat
1108 3205 1178 3255 enim

75 3277 142 3327 iram
162 3276 240 3327 etiam
259 3275 487 3344 congredientium
509 3277 534 3326 ei
554 3276 665 3326 militum
684 3275 844 3339 multitudo,
873 3275 919 3342 qui
936 3290 991 3326 non
1013 3273 1179 3329 sustinebant

74 3348 198 3401 iniuriam
208 3347 363 3415 relinquere
374 3361 429 3398 non
441 3347 574 3399 multatam
583 3348 704 3398 -animi
723 3349 826 3415 spirans
839 3353 865 3397 et
879 3346 1005 3397 audaciae
1019 3346 1177 3399 contrada-

76 3422 150 3475 nium
167 3420 317 3489 ingreditur
337 3427 363 3470 et
378 3428 464 3471 castra
485 3420 560 3486 ponit
574 3426 635 3471 ante
654 3418 705 3469 boc
725 3427 752 3469 et
770 3419 995 3487 oppugnationem
1016 3434 1075 3469 cum
1093 3417 1177 3469 multo
1230 3473 1239 3483 ,

76 3491 193 3544 instituit
217 3498 354 3557 apparatu.
398 3490 439 3541 illi
465 3500 551 3543 autem
576 3491 646 3541 intus
678 3492 837 3557 praesidium
856 3490 981 3541 idoneum
999 3505 1054 3541 non
1072 3488 1177 3539 haben-

77 3574 119 3617 tes
138 3594 172 3605 -
191 3561 300 3613 abstulit
320 3562 389 3623 enim
415 3562 494 3612 etiam
519 3562 570 3612 hoe
589 3562 780 3614 administratio
803 3576 858 3613 aon
876 3568 932 3612 tuta
963 3560 1080 3628 polliciti
1098 3559 1177 3611 huius

77 3634 185 3707 gratuiti
211 3634 285 3686 ducis
305 3648 335 3687 se
355 3634 432 3683 etiam
450 3634 509 3683 sine
527 3632 578 3683 lroc
607 3648 664 3683 earn
683 3643 848 3686 servaturum
879 3664 913 3675 -
933 3640 960 3683 et
977 3631 1080 3688 lucrum
1098 3644 1177 3682 aera-

78 3710 119 3759 rio
139 3705 268 3758 iacturum
294 3737 328 3748 -
349 3711 448 3755 sumtus
479 3711 565 3754 autem
590 3704 617 3753 in
643 3720 675 3755 ea
692 3705 861 3757 sustinebant
882 3717 931 3769 per
950 3711 1063 3769 tempus,
1083 3702 1130 3755 sed
1148 3709 1178 3752 ut

78 3785 241 3830 mercatores
261 3785 288 3828 et
305 3773 462 3828 bellicarum
475 3774 697 3826 machinationum
719 3784 745 3827 et
763 3773 947 3827 difficultatum
960 3774 1046 3841 ignari
1065 3782 1092 3826 et
1110 3774 1177 3825 duce

79 3848 167 3901 orbati
185 3847 280 3912 nobili,
301 3847 385 3915 magis
404 3853 492 3897 autem
514 3846 652 3912 imperium
677 3848 799 3898 videntes
824 3844 954 3896 dissidens
981 3853 1007 3897 et
1023 3845 1176 3909 dissectum,

79 3936 138 3973 curn
157 3922 247 3987 regius
266 3932 362 3972 servus
391 3932 469 3968 omne
495 3915 527 3966 ad
545 3932 575 3968 sc
593 3916 726 3981 traheret,
748 3915 902 3968 Pancratius
921 3923 1008 3967 autem
1026 3918 1057 3969 ad
1076 3933 1106 3970 ae
1124 3931 1176 3983 po-

79 3993 189 4044 tentiam
210 3990 318 4042 eludere
338 3990 464 4051 studeret,
486 3994 512 4037 et
531 3987 699 4038 dissidentem
719 3989 841 4039 videntes
860 3986 1075 4053 dominationem,
1094 4003 1176 4056 prae.

55 4078 58 4085 ’
80 4066 157 4130 cipue
178 4062 257 4115 etiarn
283 4063 329 4112 icti
355 4075 441 4128 poena
461 4065 547 4123 antea,
568 4060 630 4125 quia
656 4059 733 4108 donis
755 4058 873 4108 mulcere
894 4058 1020 4110 volebant
1036 4059 1176 4112 bellatoris

80 4136 219 4188 saevitiam
238 4131 423 4200 frequentibus
443 4128 581 4199 defatigati
601 4125 798 4180 incursionibus
826 4138 852 4180 et
871 4132 994 4183 concussi
1011 4131 1176 4185 destructio.

79 4206 155 4260 nibus
174 4219 318 4268 murorum,
337 4206 365 4255 in
384 4199 473 4273 lugam
491 4217 521 4256 se
539 4202 678 4265 dederunt,
698 4208 726 4252 et
750 4210 943 4271 cognoscentes
962 4203 1056 4255 borum
1074 4217 1175 4271 prope·

136 4301 219 4379 ittet.
242 4300 325 4355 λειω.
344 4298 411 4354 flur.
971 4299 988 4357 o
