2834 4750
524 222 734 293 ttts'totttt.
989 240 997 250 ·
1122 215 1192 288 lb!

73 399 157 463 τεόν
190 393 290 479 ἔργων
321 393 376 459 καὶ
405 397 442 481 τῇ
464 389 586 460 desider
613 389 865 478 όπαναχωρῆοει
894 397 949 458 καὶ
969 391 1195 479 ον’δημεροόσει

78 499 261 582 προσμίξει
281 497 338 560 τοῦ
360 497 575 578 διαιρεθέντος
596 497 732 580 στρατοῦ
754 499 987 577 προκατέλαβεν
1018 490 1196 558 όσοολτό-

80 623 143 676 νος
176 599 345 682 α’κηρνκτέ,
379 595 435 676 καί
464 597 503 660 τοὶ
526 599 698 680 δοκηθέντα
728 600 918 680 τελεσθῆναι
940 595 1193 680 διεκωλύθησαν.

81 697 119 763 οἱ
144 700 180 763 δὲ
204 698 330 782 πολλοί,
360 699 541 780 ἀγνοοῦντες
571 695 606 761 τό
639 700 694 780 τῆς
725 700 913 779 διαιρέσεως
941 692 1059 779 αἴτιον,
1082 698 1195 776 μῶμον

33 809 62 862 5
81 802 201 886 έκεένιρ
231 795 470 879 προσάπτουσιν
498 795 540 870 uic
571 799 627 860 οέκ
656 797 701 873 εἰς
730 800 800 861 δέον
826 799 1028 882 ποιησαμένῳ
1060 791 1115 858 τόν
1136 797 1195 857 τοῦ

81 900 232 982 στρατοῦ
255 895 474 978 διαμερισμόν,
495 899 553 979 τῆς
576 901 611 961 δὲ
634 897 715 980 όπὲρ
740 896 822 978 ῆμιῖς
843 898 946 969 αἰτέας
967 893 1120 975 οόδεμίαν
1141 890 1195 960 έν-

81 1021 181 1062 νοιαν
203 995 284 1062 κατὰ
302 1000 403 1082 φρένα
424 997 480 1062 καί
500 999 577 1062 κατὰ
597 996 703 1077 θυμόν
725 999 896 1063 ἐντιθέασι.
1201 1052 1211 1067 ρ

195 1095 405 1179 nascentes
427 1099 458 1159 δ’
489 1095 506 1160 ό
528 1095 687 1181 ξβαοιλεός
710 1098 756 1170 εἰς
778 1094 812 1158 τό
836 1093 1035 1178 Μανζιιιέερτ
1061 1095 1117 1179 τὴν
1136 1099 1196 1178 μέν

83 1194 297 1282 παρεμβολήν
318 1196 396 1276 μετὰ
420 1199 475 1278 τῆς
498 1193 569 1279 ὅλης
592 1199 795 1278 παρασκευῆς
814 1184 917 1278 clypei
938 1219 999 1261 που
1014 1201 1120 1261 θεῖναι
1142 1199 1197 1260 κατ’

14 1303 70 1371 '10
82 1299 221 1383 χάρακα
243 1299 348 1361 θεῖναι
371 1295 451 1360 κατόι
478 1297 512 1361 τό
546 1301 725 1377 εἰθισμένον
748 1298 1018 1379 παρεκελεύσατο,
1039 1296 1136 1371 αότός
1159 1301 1196 1362 δέ

83 1400 124 1464 τό
148 1396 288 1483 ἔκκριτον
316 1394 486 1483 α’ναλαβιόν
513 1401 571 1462 τοῦ
591 1403 729 1480 στρατοῦ
749 1399 901 1479 περιῆλθε
927 1396 963 1460 τό
984 1390 1074 1480 dcco,
1095 1420 1196 1462 κατα-

85 1502 216 1565 σκοπῶν
233 1493 293 1587 day,
309 1521 367 1581 περ
383 1501 513 1586 εὐχερές
529 1499 582 1574 τός
596 1500 775 1582 προσβολὰς
788 1495 868 1562 κατόι
884 1500 941 1562 τοῦ
957 1502 1081 1582 τείχους
1102 1499 1204 1584 ποιῆ·1

85 1604 216 1665 causat
236 1602 292 1664 καί
300 1662 301 1668 ,
315 1597 372 1674 τός
394 1595 552 1677 ἑλεπόλεις
580 1608 800 1684 προσαγαγεῖν.
846 1592 911 1681 εἶχε
932 1599 994 1683 γὰρ
1019 1597 1138 1676 ταότας
1160 1604 1195 1666 έκ

86 1705 298 1785 παρασκευῆς
320 1697 425 1780 ξύλοις
450 1705 609 1775 παντοίοις
631 1725 682 1767 και
704 1703 863 1782 μεγίστοις
893 1706 1194 1783 κατωργανωμένας,

29 1806 147 1871 15καί
166 1803 344 1887 φερομενας
356 1804 397 1864 δι
421 1801 551 1882 αμαξων
563 1827 625 1867 των
641 1806 755 1884 χιλίων
774 1826 818 1882 μη
810 1791 1053 1867 οἷποδεουσοῖν.
1075 1795 1194 1898 ἤλαυνε

86 1904 162 1965 δὲ
154 1926 207 1966 και
227 1905 291 1966 τῶν
313 1893 418 1967 αλλων
429 1901 640 1987 βοσκηματων
663 1903 714 1976 εἰς
730 1901 874 1984 δαπάνην
891 1906 949 1965 τοῦ
972 1905 1110 1984 στρατοῦ
1129 1925 1195 1981 μο-

88 2006 281 2087 ριομέτρονς
305 2005 429 2085 αγὲλας.
474 2028 537 2068 των
560 2005 595 2066 δὲ
617 2005 775 2084 πολεμίων
797 2000 887 2093 ἔνδον
910 1998 1135 2080 α’λαλαζόντων
1156 1999 1193 2065 τό

89 2101 237 2166 ένοόλιον
259 2101 314 2166 κατ’
333 2099 371 2167 τό
404 2107 480 2188 ξίφη
503 2099 799 2186 παραγομνοόντων
826 2104 881 2165 κατ’
901 2095 1010 2176 όπλοις
1032 2093 1195 2184 ἑκηβόλοις

86 2205 285 2286 χρωμένων,
308 2202 399 2286 ,perd
435 2207 489 2286 τῆς
512 2203 646 2276 όσπέδος
680 2200 872 2282 όβασιλεός
904 2201 1135 2283 περιιππεύσας
1155 2199 1203 2266 τό

37 2331 79 2387 20
88 2311 193 2386 τεῖχος
215 2307 392 2387 ἐπανῆλθεν
413 2307 458 2379 εἰς
479 2301 536 2388 τῆν
559 2300 771 2388 παρεμβολήν.
815 2301 843 2366 οἱ
868 2303 903 2364 δὲ
926 2300 1015 2380 πεζοὶ
1034 2303 1096 2365 τῶν
1115 2301 1193 2385 Ἀρ-

87 2408 207 2486 μενι’ων
236 2406 466 2487 προσβαλόντες
494 2408 537 2492 τῷ
566 2404 656 2481 ἐκτός
682 2408 739 2485 τῆς
772 2404 972 2488 ἀκροπόλεως
994 2402 1115 2484 τείχει,
1137 2402 1194 2467 καί

89 2501 208 2579 πολλός
228 2505 406 2587 προσβολὰς
434 2503 650 2589 ποιησόμενοι,
672 2507 821 2586 adsedem*
851 2500 999 2586 αἱροῦσιν
1023 2500 1115 2583 αότό,
1136 2506 1195 2566 τοιῖ

163 2674 186 2723 1:
207 2666 417 2798 αδδημερόν“
397 2676 464 2727 ασελ
482 2692 554 2743 πρ.
543 2672 558 2724 ‘l
664 2673 690 2725 9.
711 2691 767 2728 που
784 2677 912 2731 τεδεῖναι
930 2672 961 2728 0.
980 2688 1014 2726 an
1032 2691 1089 2729 nov
1108 2676 1210 2741 τεδῆ..

161 2763 212 2801 ναι
230 2763 264 2797 κα
267 2744 525 2817 λχαρακωδῆναιλ

93 2893 283 2977 constituisset,
303 2900 330 2943 et
342 2892 419 2944 finem
436 2906 545 2959 operum
565 2900 592 2944 et
609 2894 723 2944 reditum
743 2899 769 2943 et
786 2892 957 2959 improvisam
975 2893 1131 2947 mixtionem
1148 2893 1193 2946 di.

91 2966 143 3018 visi
162 2965 304 3016 exercitus
316 2963 495 3016 accelerasset
513 2964 632 3017 sullanus
650 2963 727 3015 nnllo
746 2964 827 3015 misso
846 2978 991 3029 praecone,
1002 2970 1029 3013 et
1038 2978 1106 3030 quae
1126 2978 1192 3029 per.

92 3038 172 3089 licere
191 3044 288 3087 statuta
308 3044 396 3088 essent
413 3036 622 3105 impedirentur.
650 3033 790 3086 multitudo
809 3043 897 3085 autem
920 3036 1047 3117 ignorans
1074 3034 1191 3085 divisio.

92 3110 132 3159 nis
152 3121 257 3158 causam
276 3108 499 3173 vituperationem
514 3109 538 3158 ci
554 3108 675 3173 imponit,
686 3106 786 3172 quippe
803 3106 916 3172 quinon
933 3105 1095 3155 necessitate
1115 3117 1190 3155 com.

93 3186 177 3230 nsotus
198 3179 356 3229 instituisset
375 3181 506 3232 exercitus
528 3177 749 3240 distributionem,
769 3190 866 3228 causac
885 3181 972 3226 autem
999 3176 1274 3227 nostratum-1

94 3250 144 3301 lam
163 3249 262 3300 habent
279 3250 408 3301 rationem
428 3252 456 3300 in
475 3252 555 3302 corde
575 3257 602 3300 et
621 3250 718 3300 animo.

189 3339 357 3407 Aggrediens
375 3348 461 3391 autem
480 3356 528 3391 rex
550 3338 752 3401 blannikertum,
781 3345 867 3390 castra
898 3354 956 3389 cum
982 3345 1039 3388 toto
1064 3343 1190 3404 apparatu

95 3424 175 3477 prope
194 3411 257 3476 poni
278 3419 304 3462 et
323 3409 421 3462 uallum
442 3411 502 3462 duci
523 3427 555 3462 ex
573 3426 646 3462 more
671 3411 765 3462 iussit·
791 3412 851 3477 ipse
878 3417 965 3461 autem
991 3426 1049 3460 cum
1078 3408 1189 3460 delectis

94 3480 219 3533 militibus
238 3483 330 3533 urbem
349 3482 509 3546 circumivit,
531 3483 682 3549 explorans,
702 3482 748 3532 ubi
768 3480 848 3533 facile
866 3482 1006 3533 machinae
1029 3481 1061 3532 ad
1087 3495 1189 3530 murum

94 3554 154 3619 poni
181 3561 207 3603 et
224 3555 322 3605 arietes
350 3554 444 3604 adduci
469 3564 587 3621 possent.
634 3554 747 3606 babebat
772 3555 841 3605 enim
854 3554 916 3604 hos
936 3552 1058 3605 consulto
1080 3568 1095 3601 e
1114 3552 1190 3601 vario

96 3639 179 3691 coque
197 3626 309 3676 maximo
328 3623 404 3708 ligno
426 3633 592 3677 constructos
609 3635 635 3677 et
653 3634 747 3679 vectos
767 3624 887 3676 curribus
907 3622 976 3674 hand
995 3624 1082 3674 minus
1099 3621 1188 3676 mille

95 3695 204 3747 aliorum
225 3711 332 3764 quoqne
351 3696 554 3747 iumentorum'
547 3713 688 3750 immensos
708 3712 806 3766 greges
825 3696 857 3747 ad
877 3696 1011 3747 exercitus
1036 3708 1113 3745 usum
1142 3699 1188 3747 se'-

97 3784 151 3819 cum
170 3768 279 3835 agebat·
304 3766 425 3818 hostibus
453 3775 539 3818 autem
566 3770 636 3821 intus
661 3769 789 3821 bellicum
815 3766 972 3819 tollentibus
1000 3764 1143 3817 clamorem
1163 3775 1190 3819 ct

96 3839 194 3907 gladios
214 3838 405 3922 stringentibus
421 3845 454 3889 et
472 3841 549 3891 armis
568 3840 712 3893 missilibus
732 3839 868 3890 utentibus
887 3854 936 3889 rex
961 3845 1100 3905 postquam
1124 3855 1188 3891 scu.

56 3928 58 3933 ·
96 3920 145 3961 tum
164 3910 252 3963 ferens
275 3912 373 3960 circum
392 3911 497 3961 moenia
524 3912 677 3977 equitasset,
708 3913 735 3961 in
761 3919 846 3961 castra
876 3910 970 3961 rediit:
1002 3911 1187 3961 Armeniorum

97 3983 178 4032 autem
197 3983 301 4047 pedites
322 3998 423 4032 murum
454 3988 528 4031 extra
554 3997 640 4032 arcem
668 3984 746 4033 sitnm
771 3983 867 4032 iterum
893 3983 1042 4050 iterumque
1067 3982 1187 4051 aggressi

97 4060 148 4103 toto
169 4068 226 4103 cnm
246 4055 346 4119 impetu
366 4062 596 4125 expugnaverunt,
616 4069 672 4105 cum
702 4052 775 4105 sol
768 4069 819 4103 tam
843 4054 875 4104 ad
903 4068 1024 4105 occasum
1050 4060 1186 4123 vergeret.

100 4122 164 4177 elato
185 4124 268 4191 igitur
287 4124 336 4175 bac
355 4142 383 4177 re
402 4140 468 4193 rege
488 4126 591 4192 experti
609 4132 668 4177 sunt
687 4141 722 4176 ex
739 4124 861 4177 hostibus
869 4124 952 4193 legati
970 4125 1187 4186 misericordiam,
