2834 4750
521 263 731 335 ιιιετοκιιι.
757 291 784 303 ··
866 296 870 300 -
950 346 953 350 ,
1102 262 1176 356 ιτοι

22 509 27 516 ι
47 442 120 495 νοις
146 417 284 496 διδόντας
307 416 367 496 τός
386 424 446 486 τῶν
465 421 634 520 Ῥωμαίων
658 421 826 511 φάλαγγας
848 424 882 489 ἐν
902 423 987 503 τόξει
1007 423 1063 491 καί
1074 426 1183 514 κόσμηι
1220 416 1223 422 ’

49 518 119 584 καί
139 523 308 610 πολεμικῷ
329 523 568 608 παραστήματι.
612 527 666 590 καί
695 523 726 590 οἱ
755 527 815 605 μὲν
843 523 1001 612 προήεσαν
1029 527 1074 603 εἷς
1102 530 1180 591 ταῦ-

47 620 177 700 πίσω,
210 615 286 684 idi
306 621 458 702 βασιλεός
484 623 619 689 κατόπιν
642 625 748 691 adratis
772 624 972 709 πανστρατιᾷ
997 627 1176 706 ἐπεδίωκεν,

46 719 118 798 ἕως
158 715 230 806 ἄρα
262 723 349 807 δείλη
382 721 462 804 όψία
491 726 675 808 κατέλαβεν.
730 728 802 791 ἐπεί
830 722 897 788 δ’ὁ
927 717 1179 806 βασιλεός“τοός

17 824 355 904 5ᾰντιτεταγμένοος
379 826 434 888 καί
450 827 740 907 ιῖνειπολεμοόντας
762 818 821 888 οόκ
835 820 911 908 εἶχε,
930 823 987 907 τήν
1000 827 1037 888 δὲ
1051 849 1180 906 παρεμ-

46 918 165 1008 βολήν
200 923 400 1010 ἐψιλωμένην
425 921 631 1007 στρατιωτῶν
666 927 722 991 καί
751 929 982 1012 πεζοφαλόκων
1010 928 1180 1007 ἐγίνωσκε,

47 1020 113 1086 διαὶ
149 1021 193 1086 τό
237 1026 315 1107 μηδ’
343 1019 634 1108 ειίπαρεῖνόκανοό
664 1025 807 1111 πλήθους
838 1020 918 1091 τόστε
939 1029 995 1090 καί
1027 1029 1179 1111 παρατα-

47 1127 123 1200 ξεις
151 1126 299 1190 ἐνταῦθα
329 1132 530 1209 καταλιπεῖν,
558 1119 618 1212 ήδη
654 1131 967 1212 προεξαντληδίντων
996 1131 1061 1194 τῶν
1089 1131 1178 1192 πλεί-

47 1249 167 1306 στων,
205 1223 248 1298 σός
270 1225 522 1310 προδιείλησται,
549 1225 628 1312 ἔγνω
649 1225 693 1311 μή
719 1235 826 1292 πλεῖον
848 1229 1002 1293 ἐπιτεῖναι
1023 1226 1078 1311 τήν
1100 1229 1180 1296 δία,-

1 1331 131 1408 ιοξιν,
159 1324 281 1410 ἵναμή
306 1324 399 1409 λόχον
430 1329 635 1414 πεποιηκότες
660 1330 689 1394 οἱ
716 1332 851 1413 Ταῦρκοι
876 1328 1052 1419 α’φαλόκτηι
1077 1327 1178 1418 ταύτῃ

50 1425 264 1508 ἐπίθοννται,
299 1427 355 1490 καί
390 1422 458 1508 ἅμα
496 1432 678 1494 διασκοπαῖν
711 1425 754 1504 αἱς
784 1431 816 1494 εί
852 1435 959 1492 πλεῖον
994 1433 1177 1512 ἑκμακρον·

51 1527 159 1611 θείη,
191 1526 411 1609 καταλήψεται
430 1531 537 1594 τοῦτον
559 1534 593 1595 ἐν
619 1532 656 1617 τῇ
682 1530 827 1618 ἐπανόδηι
850 1526 869 1611 ή
895 1530 968 1607 νόξ,
1000 1533 1055 1594 καί
1086 1554 1178 1612 τηνι-

53 1629 173 1690 καῦτα
202 1623 232 1690 αἱ
264 1629 400 1710 Ταόρκοι
429 1633 647 1718 ,παλίντροπον
681 1624 821 1712 θήσουσι
858 1629 914 1713 τήν
950 1630 1074 1714 φυγήν,
1102 1629 1178 1718 ἑκη-

28 1729 160 1820 ἱβόλσι
186 1726 406 1810 τυγχάνοντες.
456 1729 510 1792 διὰ
541 1734 642 1795 ταῦτα
676 1733 732 1795 καί
761 1728 818 1814 τήν
846 1729 1015 1814 βασιλικήν
1037 1738 1179 1815 σημαίαν

8 1850 44 1904 15
55 1831 269 1912 ἐπιστρέψας
298 1826 411 1894 νόστον
443 1831 678 1914 ἐπιμνησθῆναι
707 1829 898 1914 διήγγελλεν.
943 1829 974 1895 oi
1000 1834 1036 1895 δὲ
1068 1830 1179 1916 πόρρω

59 1927 127 2005 τὰς
165 1929 329 2013 φάλαγγας
369 1924 493 2012 ἐχοντες
535 1932 758 2014 στρατιῶται,
794 1925 851 2010 τήν
889 1926 1086 2014 ἐπιστροφήν
1117 1932 1178 2011 ,τῆς

57 2030 241 2111 βασιλικής
263 2033 402 2112 σημαίας
424 2030 556 2106 ἰδόντες,
580 2027 734 2118 ᾠήθησαν
756 2023 835 2115 ήττη
857 2026 1065 2109 τὸνβασιλέα
1087 2052 1177 2111 περι-

61 2136 193 2193 πεσεῖν.
212 2127 282 2220 ςιός
302 2130 330 2192 δ’
352 2128 382 2193 αλ
404 2131 516 2193 πολλοί
536 2132 806 2215 πληροφαροόσιν,
828 2122 875 2193 ὅτι
898 2133 961 2193 ταῖν
984 2127 1177 2214 ἐφεδριυόν-
1225 2165 1228 2175 ·

62 2253 135 2294 των
159 2221 247 2317 αότήλ
268 2254 328 2310 τις,
348 2226 523 2321 ἐξήδιλφος
543 2223 588 2294 σόν
610 2233 652 2317 τῷ
673 2230 731 2294 τοῦ
751 2234 908 2311 βασιλέως
935 2235 1077 2316 πραγονηλ
1104 2237 1178 2296 Mt-

15 2351 53 2408 20
62 2330 170 2414 χαήλ,
191 2333 504 2417 πραβεβοαλεομένην
519 2327 602 2413 ἔχων
616 2329 672 2415 τήν
694 2326 775 2395 κατό
790 2329 906 2396 τούτου
919 2329 1100 2418 ἐπιβουλήν,
1115 2332 1178 2396 αό-

67 2429 129 2509 τὸς
154 2432 210 2497 τόν
230 2436 370 2499 τοιοῦτον
391 2430 483 2514 λόγον
504 2439 569 2506 τοῖς
591 2428 802 2516 στρατιώταις
827 2433 994 2515 διέσπειρε,
1017 2435 1072 2497 καί
1091 2432 1176 2516 ταχό

65 2530 147 2607 τούς
169 2534 303 2609 αίκειόος
325 2527 495 2614 σίναλαβιόν
520 2533 765 2617 (ἐμπεπίστεατο
786 2532 847 2619 γόρ
869 2529 957 2616 παρό
981 2534 1178 2616 τήςταόβα-
1220 2568 1226 2580 ‚
1286 2610 1291 2621 ι

66 2634 187 2709 σιλέως
209 2634 444 2718 καλοκαγαθίας
474 2624 512 2697 αὖ
540 2631 655 2719 μικρόν
685 2658 717 2699 τι
742 2637 839 2721 μέρος
869 2636 965 2719 λανδ)
1006 2627 1111 2721 φυγὰς
1133 2638 1178 2712 είς
1263 2616 1270 2628 ’

69 2913 187 2982 langes,
206 2927 271 2981 quas
289 2912 349 2964 acie
367 2911 497 2965 instructa
515 2919 542 2965 et
560 2911 704 2965 secundnm
723 2912 830 2965 ordines
857 2921 884 2965 et
901 2905 1067 2980 disciplinam
1086 2915 1176 2969 collo.

72 2993 149 3039 catas
170 2992 196 3035 et
213 2982 316 3036 bellico
335 2999 393 3037 cum
413 2983 505 3035 babitu
524 2982 658 3036 videbant.
696 2991 776 3052 atque
795 2982 887 3036 bostes
906 2984 1012 3053 quidem
1029 3000 1110 3052 porro
1128 3005 1176 3039 ro-

71 3058 163 3127 gressi
181 3062 251 3120 sunt,
270 3070 319 3107 rex
339 3071 404 3107 vero
425 3056 546 3107 omnibns
567 3071 625 3107 cum
647 3055 733 3121 copiis
755 3068 801 3106 eos
820 3062 927 3107 secutus
951 3062 1000 3119 est,
1019 3058 1105 3107 donec
1124 3074 1176 3110 ve·

71 3144 138 3196 sper
157 3128 273 3179 adesset.
313 3141 369 3178 cum
388 3134 476 3178 antem
494 3142 543 3178 rex
567 3126 618 3178 sibi
637 3127 775 3193 oppositos
796 3133 823 3179 et
842 3127 999 3179 resistentes
1017 3143 1073 3179 non
1090 3128 1176 3179 babe-

71 3208 127 3264 ret,
148 3206 234 3251 castra
252 3206 339 3249 autem
357 3198 456 3250 nudata
473 3197 601 3250 militibus
621 3196 811 3265 peditibusque
828 3196 1002 3266 vigilantibus
1024 3213 1176 3266 cognosce.

72 3280 132 3323 ret:
159 3272 222 3339 qnia
241 3285 296 3322 non
315 3270 379 3322 satis
397 3285 488 3322 secum
507 3268 599 3321 habuit
618 3269 773 3335 copiarum,
797 3270 835 3319 ita
857 3278 886 3319 ut
912 3270 991 3321 etiam
1011 3269 1117 3323 ordines
1137 3270 1176 3320 ibi

72 3342 245 3409 relinqueret
262 3340 415 3409 defatigatis
434 3342 485 3391 iarn
504 3349 625 3406 utsupra
642 3340 740 3391 dictum
753 3338 900 3407 plerisque,
920 3340 1012 3392 statuit
1028 3354 1083 3390 non
1102 3339 1176 3391 ulte.

71 3416 134 3479 rins
156 3428 202 3465 eos
220 3414 356 3480 persequi,
375 3426 410 3463 nc
428 3411 529 3463 Turcae
547 3411 651 3463 insidiis
680 3410 758 3463 lactis
783 3419 903 3464 castrata
922 3411 1062 3477 praesidiis
1081 3410 1177 3462 relicta

74 3485 297 3555 aggrederentur,
316 3483 449 3551 simulque
469 3484 609 3549 cogitans,
628 3490 735 3535 noctem
759 3497 788 3534 se
806 3483 961 3536 redeuntem
988 3490 1176 3549 occupaturam

74 3573 156 3620 esse,
184 3557 207 3608 si
236 3555 349 3607 ulterius
371 3556 442 3607 viam
461 3554 618 3607 extenderet
649 3562 675 3606 et
693 3554 790 3607 Turcas
816 3555 914 3621 cinga
931 3569 1102 3621 regressuros
1120 3561 1176 3605 turn

74 3644 153 3693 esse,
183 3628 282 3695 quippe
308 3626 353 3694 qui
374 3623 437 3676 telis
462 3624 532 3675 bene
561 3634 708 3678 uterentur.
756 3626 926 3694 quamobrem
945 3626 1049 3694 regium
1070 3626 1175 3693 signnm

74 3708 216 3753 revertens
241 3698 341 3750 reditus
372 3696 526 3747 meminisse
556 3711 648 3749 omnes
673 3698 759 3752 iussit.
809 3698 855 3765 qui
889 3712 954 3748 vero
980 3695 1092 3748 ulterius
1117 3696 1176 3747 acio

74 3771 186 3823 aberant
209 3768 328 3831 milites,
354 3768 457 3835 regium
482 3767 586 3834 signum
611 3776 684 3819 retro
713 3783 819 3820 versum
848 3768 989 3832 videntes,
1016 3768 1044 3818 in
1074 3766 1176 3821 cladem

73 3858 167 3911 regem
186 3841 315 3892 incidisse
336 3846 477 3905 putarunt:
502 3846 531 3888 ut
550 3846 636 3889 antem
656 3838 780 3907 plerique
808 3853 962 3905 persuasum
980 3837 1088 3905 habent,
1107 3839 1176 3891 insi-

75 3914 203 3965 diantium
223 3913 249 3962 ei
264 3910 372 3977 aliquis,
392 3908 531 3963 llichaelis
549 3910 623 3976 regis
635 3912 754 3975 parentis
774 3925 807 3960 ex
828 3909 910 3961 lratre
928 3910 1010 3974 iilius,
1029 3918 1107 3962 antea
1124 3910 1176 3965 itm

75 3984 185 4037 molitus
204 3982 267 4034 hnic
285 3981 405 4045 insidias,
425 3981 484 4048 ipse
505 3977 585 4031 talem
605 3979 698 4032 lamam
713 3996 762 4047 per
781 3979 881 4032 milites
899 3981 1060 4049 divulgavit,
1080 3988 1107 4032 et
1128 3995 1176 4058 cp.

76 4053 170 4107 loriter
189 4054 244 4106 suis
264 4053 381 4120 receptis
401 4052 518 4120 (credita
538 4051 610 4123 eninq
628 4058 685 4102 erat
714 4052 739 4101 ei
758 4051 828 4103 baud
849 4067 932 4118 parra
950 4052 1062 4104 militnm
1082 4068 1142 4120 pars
1161 4066 1177 4102 a

76 4127 149 4194 regis
168 4126 321 4194 maiestate)
342 4124 472 4192 fugitivus
491 4124 519 4173 in
538 4129 624 4175 castra
635 4122 730 4174 rediit:
748 4121 818 4179 hunc
832 4132 919 4192 autom
932 4125 1026 4176 imitati
1046 4124 1091 4192 qui
1110 4137 1177 4193 pro-

77 4198 137 4263 pius
155 4198 289 4249 adstarent
308 4196 414 4247 ordines
441 4194 474 4248 ad
491 4209 571 4247 unum
596 4208 688 4277 omneq
706 4194 795 4263 lugam
820 4196 880 4248 sine
899 4210 990 4267 pugna
1007 4194 1176 4265 accipiebant

157 4291 240 4346 liet.
260 4290 342 4345 Aust.
363 4290 430 4344 ltus
949 4293 981 4344 11
