2834 4750
560 298 770 370 HBTORlA.
1140 288 1212 363 283
1290 293 1293 304 “

104 463 226 556 ἆρχην
248 474 375 547 πολλοῖς
404 464 578 551 τυράννοις
591 468 880 551 περιαντλουμένην
910 462 989 531 κατά
1010 486 1045 531 τε
1065 458 1123 547 τήν
1138 456 1221 527 ἐοόαν

107 576 174 638 καί
191 569 249 655 την
270 567 418 652 ἑσπέραν.
462 564 508 633 ἐτι
529 569 565 631 δὲ
588 570 643 651 τῆς
663 566 782 631 τούτων
804 568 1057 651 φλεγμαινούσης
1080 564 1255 628 dacaru-f·
1269 560 1354 621 230¹·

108 676 202 757 σίας,
225 677 282 737 καί
303 669 446 754 δαπάνης
469 662 538 733 οότι
559 671 698 750 σμικράς
727 662 808 731 άλλό
828 665 1005 747 πολυόλβου
1030 664 1084 731 καί
1105 686 1224 749 μυρισ-

111 773 275 841 ταλάντου
297 776 471 852 δαψίλειαν
491 774 554 835 τάν
565 766 758 852 πραγμάτων
774 765 1006 852 ἐπιζητούντων
1028 764 1084 831 ἐπί
1103 788 1135 841 τε
1158 773 1224 844 τοῖς

46 934 49 937 ,
78 882 358 958 ὅστρατιωτικοῖς
380 867 532 953 ὀψωνίοις
553 873 608 935 καί
620 878 690 943 ταῖς
712 862 825 943 όλλαις
846 872 909 933 τῶν
924 869 1042 950 καιροόν
1063 868 1225 952 ἀφορμαῖς

113 980 177 1041 καί
197 976 409 1059 προφάσεσιν,
432 972 474 1036 ου’
494 971 574 1055 πρὸς
593 969 628 1034 τό
650 974 787 1053 μέγεθος
807 972 928 1035 τούτων
952 972 1005 1033 καί
1026 964 1086 1051 την
1107 962 1226 1031 cucuri-

114 1100 179 1161 την
199 1079 312 1158 χρειάν
333 1075 498 1157 ἐπέβλεψε·
512 1075 567 1137 καί
586 1069 812 1154 σμικρολογίας
841 1067 997 1153 δεινότητι
1019 1061 1136 1131 ἑαυτὸν
1157 1068 1225 1132 ἐπι-

116 1179 269 1257 δέδωκεν,
288 1176 359 1238 ἀλλ’
380 1177 414 1239 ἐν
438 1172 549 1237 πλάτει
570 1175 703 1255 καρδίας
724 1170 780 1235 καί
809 1173 942 1260 πίστεως
962 1168 996 1233 τό
1017 1168 1133 1244 πλάτος
1153 1170 1226 1234 ἐπι·

116 1280 230 1343 τείνων
251 1277 306 1358 τῆς
329 1273 409 1358 πρός
432 1272 468 1338 τό
489 1279 577 1338 θεῖον
598 1269 837 1357 εόαρεστήσεως
865 1272 970 1355 χρεῶν
1003 1268 1165 1345 άποκοπάς
1182 1270 1225 1355 τῷ

66 1392 107 1447 10
119 1376 212 1465 δημιρ
233 1374 328 1440 παντί
347 1374 403 1440 καί
422 1384 485 1452 τοῖς
504 1372 537 1439 ἐν
558 1378 641 1439 τέλει
662 1378 837 1453 νομοθετεῖ.
869 1371 921 1436 καί
941 1376 1049 1457 τίθησι
1068 1370 1101 1437 τό
1124 1371 1224 1453 δόγμα

117 1482 180 1543 urla
203 1479 256 1542 ἐπί
276 1476 385 1561 ῥητοῖς
406 1475 471 1543 τισί
490 1477 630 1561 χρόνοις,
653 1471 757 1558 οόσπερ
779 1470 857 1539 ἐνιοι
878 1476 941 1537 τεόν
965 1471 1025 1556 πρό
1047 1472 1103 1536 τοῦ
1127 1475 1223 1552 βασι·
1265 1523 1268 1529 .

120 1582 202 1643 λέων
227 1575 407 1663 ἐπιταφίοις
438 1580 572 1662 ἡμέραις
591 1576 779 1660 εἰργάσαντο
788 1625 797 1657 ,
819 1577 874 1641 καί
896 1571 1123 1656 καταλιμπάνω
1143 1567 1227 1656 χρό·

121 1704 196 1756 νους
219 1676 308 1754 τινάς
340 1680 387 1753 εἰς
418 1677 461 1743 τό·
480 1676 662 1763 ἔμπροσθεν
682 1685 747 1754 ταῖς
767 1680 825 1744 τοῦ
856 1677 1012 1762 δημοσίου
1035 1674 1226 1759 συνηγόροις

122 1778 179 1845 καί
204 1778 396 1864 πράκτορσιν
427 1776 596 1861 ἐσομένους
628 1778 816 1865 ἐντρόφημα
838 1778 893 1843 καί
914 1780 964 1863 ,τῷ
984 1778 1125 1863 δημοσίῳ
1145 1775 1227 1858 πρό-

72 1901 112 1957 15
122 1904 225 1967 φασιν
252 1862 408 1965 ω’φελείας
436 1878 492 1943 καί
511 1875 721 1963 ἀπαιτήσεως,
743 1878 786 1954 ὥς
818 1873 857 1941 όν
885 1876 914 1957 οἱ
934 1880 999 1958 ’μὲν
1016 1876 1226 1961 χρονιάτεροι

121 1985 282 2066 χρεῶσται
304 1982 361 2044 τοῦ
385 1983 540 2064 δημοσίου
555 1978 613 2055 τάς
635 1982 812 2066 άφεσίμυυς
833 1976 947 2064 ἑορτάς
971 1974 1174 2061 ἐσρτάζωσον,
1195 1973 1227 2043 αἱ

124 2084 161 2149 δέ
182 2079 328 2166 νεώτεροι
356 2079 437 2166 πρός
459 2084 516 2166 τὴν
535 2084 715 2164 α’πστυχίαν
736 2076 986 2164 έπιστυγνάζωσι
1016 2080 1071 2143 καί
1097 2076 1226 2165 φθόνου
1274 2092 1275 2097 ’

28 2198 37 2205 “
123 2182 227 2265 λαβὴν,
246 2181 346 2267 ἔχωσι
367 2184 423 2267 την
444 2187 508 2248 τάν
529 2179 810 2267 ἐλευθερωθέντων
832 2182 1000 2248 ὑπόθεσιν·
1044 2178 1126 2245 άλλά
1149 2183 1227 2245 πάνυ

125 2310 187 2349 των
209 2280 290 2365 όμοῦ
309 2290 369 2350 τεόν
389 2284 515 2368 χρόνων
538 2289 637 2375 μέχρι
659 2287 715 2367 τῆς
737 2286 837 2347 ὀυ’τοῦ
856 2282 1072 2368 α’ναρρησεως,
1095 2280 1150 2347 καί
1170 2305 1228 2361 μι-

74 2403 115 2459 20
125 2386 201 2469 aprio
224 2411 255 2450 τι
274 2384 365 2470 πρός,
387 2389 444 2461 τάς
469 2385 602 2472 όφειλάς
633 2387 824 2469 προρρίζους
849 2386 1000 2466 α’πέτεμε,
1021 2389 1076 2448 κατ’
1097 2406 1226 2463 συμπα.

124 2489 216 2558 θείας
242 2489 362 2561 πάντας
380 2487 610 2570 καθαρωτάτης
632 2487 758 2568 η’ξίωσε,
789 2482 1016 2572 χρυσοβοόλλιρ
1039 2479 1121 2570 λόγῳ
1142 2507 1226 2567 χρυ·
1265 2567 1269 2572 1

125 2590 204 2651 σοάν
223 2588 389 2664 ἐπιπλέξας
411 2586 537 2667 δεσμόν,
559 2584 731 2650 κωλυτικόν
753 2585 794 2650 δι’
817 2579 892 2648 όλυυ
915 2589 972 2648 τοῦ
994 2588 1057 2650 τοόν
1077 2583 1225 2670 σ’φλημά-

124 2711 189 2753 των
210 2689 419 2770 βαδίσματος,
442 2685 645 2774 προσανελτόν
667 2687 702 2751 ἐν
724 2686 823 2775 τοότιρ
841 2689 897 2752 καί
916 2683 950 2756 τό
974 2683 1074 2772 χάριν
1093 2687 1227 2773 σχιδευ-

201 2858 242 2910 13.
261 2859 398 2928 βασιλέως
417 2857 447 2912 (l.

128 3006 246 3076 quinon
266 3005 407 3058 obedirent
425 3007 451 3057 ei
471 3014 498 3058 et
516 3021 655 3059 servorum
676 3007 759 3060 instar
772 3006 1019 3073 adorarent,·valde
1039 3007 1118 3060 huius
1138 3009 1229 3076 gladio

127 3089 156 3132 et
176 3077 337 3130 exercitibus
357 3079 527 3130 cecideruutz
556 3078 604 3130 alii
628 3085 717 3129 autem
743 3076 798 3130 vel.
814 3094 862 3132 sua
881 3087 976 3146 sponte
996 3079 1151 3144 servitutem
1171 3096 1230 3131 arn.

127 3151 202 3218 plexi
222 3157 291 3201 suut.
341 3151 446 3202 invenit
473 3151 542 3201 enim
567 3149 744 3201 Romanorum
769 3151 907 3217 imperium
925 3150 1016 3202 multis
1035 3153 1155 3216 tyrannis
1175 3153 1230 3204 cira

127 3221 273 3272 cumfusum
294 3230 320 3273 et
338 3223 366 3273 in
385 3223 490 3272 oriente
510 3230 536 3272 et
553 3220 581 3271 iu
600 3221 758 3272 occidente:
786 3237 845 3273 curn
865 3229 952 3273 autem
972 3224 1105 3273 etiamtum
1136 3223 1231 3273 horum

127 3292 252 3360 llagraret
269 3293 365 3344 seditio
386 3301 412 3344 et
429 3301 530 3345 sumtus
549 3306 603 3343 nou
625 3294 700 3358 parvi
722 3294 769 3344 sed
788 3293 878 3345 divitis
904 3301 931 3344 et
946 3293 1089 3345 multorum
1110 3293 1231 3346 talento.

127 3379 183 3414 rum
204 3364 307 3430 copiam
326 3379 369 3416 res
388 3364 555 3431 postularent
573 3364 601 3412 in
624 3363 784 3415 militaribus
804 3365 943 3431 stipendiis
962 3373 989 3416 et
1007 3365 1104 3416 ceteris
1123 3374 1229 3431 tempo.

127 3449 184 3486 rum
201 3435 287 3485 causis
300 3442 327 3485 et
341 3436 536 3500 occasionibus,
556 3449 610 3485 uon
627 3434 659 3484 ad
670 3436 878 3502 magnitudinem
897 3436 989 3488 harum
1005 3444 1140 3488 ettanturn
1152 3451 1228 3488 usum

128 3506 260 3569 spectavit
279 3513 305 3555 et
323 3508 502 3572 parsimoniae
523 3506 655 3557 molestiis
670 3519 704 3559 'sc
725 3507 807 3571 dedit,
827 3508 872 3559 sed
890 3509 918 3559 iu
937 3507 1076 3559 latitudine
1095 3507 1182 3558 cordis
1203 3515 1229 3558 et

128 3577 190 3627 lidei
209 3574 374 3627 latitudinem
393 3577 534 3630 intendens
553 3578 660 3644 pietatis
680 3578 733 3642 dei,
753 3577 857 3630 tabulas
876 3594 960 3631 novas
981 3579 1081 3646 populo
1100 3579 1228 3630 universo

129 3655 156 3699 et
172 3646 369 3712 magistratibus
394 3651 480 3700 saucit
504 3657 531 3700 et
565 3651 703 3699 coustituit
730 3649 863 3700 decretum
889 3665 943 3702 non
969 3652 1049 3703 certis
1074 3649 1229 3718 quibusdam

128 3719 220 3780 annis,
240 3719 310 3768 sicut
330 3719 453 3769 nonnulli
473 3721 576 3787 priores
595 3734 674 3787 reges
703 3718 798 3771 diebus
825 3720 926 3773 funeris
946 3721 1075 3786 fecerant,
1098 3729 1124 3773 ct
1142 3720 1229 3773 reliu.

129 3792 186 3858 quit
203 3804 286 3839 annos
307 3790 432 3855 quosdam
451 3793 556 3858 priores
573 3793 669 3843 aerarii
689 3792 808 3857 patronis
829 3800 855 3843 et
875 3793 1042 3844 exactoribus
1061 3792 1183 3857 delicias,
1203 3801 1229 3845 et

129 3863 232 3912 aerario
253 3861 422 3912 occasionem
452 3862 574 3913 utilitatis
601 3871 627 3912 et
652 3863 816 3925 exactionis,
841 3871 870 3913 ut
895 3864 1074 3916 diuturniores
1093 3865 1228 3916 debitores

129 3934 225 3993 aerarii
245 3931 412 3983 liberationis
443 3934 511 3985 festa
531 3933 709 3996 celebrarent,
738 3935 857 3984 iuniores
876 3933 945 3985 malo
965 3934 1088 3988 dolerent
1110 3945 1136 3988 et
1154 3938 1228 3989 invi.

128 4006 187 4056 diae
209 4006 378 4056 occasionem
397 4003 526 4056 baberent
556 4003 729 4055 liberatorum
752 4013 952 4072 argumentum:
980 4008 1027 4058 sed
1054 4009 1169 4059 ninnium
1188 4009 1227 4059 si.

127 4076 180 4141 mul
199 4090 327 4127 annorum
346 4090 431 4143 usquc
456 4077 488 4128 ad
507 4090 579 4128 suum
603 4075 827 4126 renuntiationem
851 4085 878 4127 et
905 4076 1011 4144 paulum
1030 4079 1119 4132 debita
1137 4079 1228 4130 lundi-

129 4155 171 4199 tus
189 4147 309 4212 abscidit,
331 4155 357 4198 et
375 4149 558 4201 misericordia
577 4161 668 4199 omues
687 4147 828 4214 purissima
840 4148 962 4217 dignatus
982 4159 1032 4215 est,
1051 4149 1228 4219 imperatoriis

129 4215 215 4300 literis
233 4221 343 4273 auream
361 4219 521 4288 implecteus
540 4219 677 4274 vinculum
704 4218 885 4288 impedimenti
903 4235 952 4289 per
979 4229 1063 4275 totum
1082 4222 1229 4276 debitorum
