2834 4750
417 285 435 292 ”
505 285 757 364 ,moronis
922 283 926 288 ’
1134 270 1269 372 ενα,

102 458 212 541 γενῶν.
255 455 351 534 δυ’ξας
372 457 407 520 δὲ
426 455 470 539 μή
496 455 561 520 κατ’
582 453 693 543 ἔφεσιν
721 458 898 542 τιμηθῆναι
918 478 1007 542 παρα
1030 459 1089 521 τὀὕ
1109 459 1207 538 βασι-

101 562 183 633 λέως
204 557 258 622 καί
274 556 397 641 δωρεάς
412 555 604 640 α’ποχρῶσας
620 561 730 638 λαβεῖν
746 557 942 622 α’πυστασιάν
962 557 1129 643 έσκάπησε,
1152 553 1207 620 καί

101 657 218 722 αὐτίκα
239 655 315 732 τούς
336 659 554 730 συναντῶντας
568 657 753 742 φυρολάγων
768 681 803 722 τε
819 660 874 722 καί
894 656 1022 733 λοιποάς
1038 648 1206 723 σκυλεάέιν

99 759 158 822 καί
172 753 361 841 διαρπάζειν
380 747 511 841 ήρζατο,
531 757 587 822 καί
601 757 702 824 πάντα
716 759 796 842 δρῶν
808 753 866 822 ὅσα
884 757 1041 822 δεσπότου
1057 757 1205 822 α’ποπτά-

63 875 175 926 5ουσι
198 856 357 941 χαλινούς.
381 858 477 944 φόνον
500 860 535 924 δὲ
553 860 722 940 Ῥωμαίων
746 860 859 924 ου’δένα
874 858 1054 941 εἰργάσατο.
1084 857 1133 921 διὸ
1151 859 1209 922 καί

98 953 183 1022 κατά
205 957 373 1042 βασιλικήν
396 956 521 1042 ἐντολήν
546 959 760 1044 (ἐμεμαθήκει
784 960 846 1044 γάρ
868 955 975 1022 πάντα
997 954 1014 1020 ὅ
1038 959 1205 1044 βασιλεύς)

99 1063 215 1124 πολλοί
230 1059 511 1152 τῶνστρατιωτῶν
527 1059 607 1142 πρὸς
629 1060 738 1144 μάχην
753 1061 855 1150 ταύτην
870 1057 1076 1144 συνήντησαν.
1097 1059 1210 1133 πάντες

99 1161 137 1224 δὲ
146 1160 201 1242 τῆς
214 1161 328 1223 τούτου
340 1161 503 1247 ῥομφαίας
515 1158 704 1244 ήττήθησαν.
714 1167 894 1225 τελευταῖον
903 1161 938 1224 δέ
951 1161 1073 1248 στρατιή
1083 1155 1211 1246 μεγάλην
1239 1213 1242 1216 .

98 1262 166 1324 τῶν
176 1252 332 1344 ἑσπερίων
347 1264 437 1324 πέντε
454 1261 621 1343 ταγμάτων
639 1258 886 1344 ἐπιστρατεύσας
901 1262 969 1326 κατ’
986 1261 1086 1326 aizoo
1097 1260 1131 1324 έκ
1147 1259 1211 1322 τῶν

43 1371 89 1426 10
98 1359 315 1442 Ἀρμενιακῶν
345 1359 510 1446 θεμάτων,
534 1353 625 1448 inni
656 1360 907 1448 παρεχείμαζον,
930 1359 1018 1445 ὅτήν
1041 1360 1212 1444 ἡγεμονίαν

100 1457 222 1525 τούτων
235 1461 422 1545 ἐπιτραπεὶς
430 1460 581 1545 Σαμουὴλ
596 1454 775 1546 βεστάρχης
789 1461 1020 1537 ὄἈλυυσίανος
1034 1458 1210 1545 λεγόμενος,

100 1558 159 1624 καί
179 1561 253 1643 περί
273 1554 391 1646 ὄρθρον
408 1564 564 1637 έπιτεθείς
589 1565 690 1650 τούτῳ
709 1565 881 1646 ἠρεμοῦντι
902 1562 957 1627 καί
977 1561 1211 1647 α’ναπαυομένερ

101 1657 184 1725 κατά
206 1659 241 1723 τά
265 1661 382 1738 εἰωθὸς
403 1665 458 1747 τῆς
477 1662 695 1745 α’ναστασίμυυ
720 1659 841 1749 ἡμέρας
860 1667 916 1728 καί
933 1664 1071 1748 μεγάλης
1092 1670 1208 1744 κυρια-

101 1764 159 1847 κής
179 1765 393 1848 ε’φίσταμένης
405 1805 423 1843 ,ι
438 1762 552 1849 ἔπραξε
573 1769 632 1845 μὲν
650 1772 792 1848 γενναῖον
820 1758 927 1847 oriols,
947 1763 1048 1830 ἔπαθε
1071 1766 1106 1829 δέ
1122 1769 1208 1843 μᾶλ-

48 1870 158 1929 15λον
180 1863 264 1928 πάνυ
285 1866 397 1939 κακῶς.
452 1862 642 1946 ἐμπεσόντες
668 1864 731 1949 γάρ
765 1865 794 1930 οἶ
823 1867 1018 1947 στρατιῶται
1047 1873 1113 1938 τοῖς
1141 1865 1209 1926 τῶν
1247 1907 1254 1918 .

102 1969 226 2050 σκφῶν
260 1967 449 2047 καλωδίοις,
486 1969 541 2028 καί
569 1969 807 2047 συμπλακέντες
844 1967 974 2047 ου’τοῖς,
1000 1967 1118 2048 γνῶσιν
1144 1967 1209 2035 ταῖς
1268 1998 1272 2009 =

104 2063 264 2148 Φράγγαις
284 2065 341 2148 τῆς
362 2068 533 2149 ἐπιβουλῆς
560 2067 779 2149 πεποιήκασιν.
833 2064 866 2129 oi
882 2067 919 2128 δέ
939 2065 1111 2148 σταθηρῶς
1130 2054 1208 2126 ἑαυ-

67 2153 79 2166 ’
104 2164 182 2240 ταῶς
202 2163 492 2246 α’νακαλεσάμενοι,
524 2167 580 2231 κατ’
600 2165 679 2249 ιιρὸς
702 2159 825 2247 άμνναν
847 2158 1018 2250 τραπέντες
1040 2161 1149 2248 εῶθάς,
1170 2161 1211 2225 ου’
1276 2202 1279 2210 ,

102 2268 278 2351 μοχθηρῶς
301 2265 377 2341 τοάς
394 2265 572 2346 Ῥωμαίους
593 2271 650 2350 τῆς
664 2269 867 2350 παρεμβολῆς
885 2261 1081 2330 α’πεῶσαντο.
1126 2260 1211 2344 ταχά

51 2384 93 2439 20
106 2369 142 2433 cti
164 2369 228 2432 τῶν
250 2365 354 2433 ἵππων
378 2368 558 2451 ἐπιβάντες,
577 2368 621 2443 ῶς
645 2361 731 2450 εἶχεν
751 2365 883 2444 ἕκαστος
903 2366 1044 2450 σπουέής
1066 2363 1121 2429 καί
1144 2390 1209 2428 πα-

105 2473 284 2554 ρασκευῆς,
314 2472 369 2534 καί
392 2470 525 2534 κατόπιν
556 2470 727 2545 ἐλάσαντες
751 2468 887 2543 πολλοὺς
916 2470 976 2548 μὲν
996 2459 1132 2546 άνεῖλον,
1153 2459 1210 2528 άλ-

105 2576 181 2647 λαας
203 2572 238 2634 δέ
271 2556 492 2656 ζωγρήσαντες
516 2569 639 2655 ἔλαβον.
694 2573 767 2636 τότε
798 2567 838 2654 δή
872 2570 1072 2654 προκαθίσας
1105 2564 1122 2629 ὅ
1150 2565 1212 2629 τῶν

105 2669 257 2737 Λατίνων
285 2673 428 2758 ἐξάρχων
460 2672 517 2756 otiu
546 2666 676 2761 άκαιρον
712 2673 780 2737 οὐδ’
808 2670 979 2755 άνεάλογυν
1015 2668 1213 2754 δημηγορίαν

106 2980 224 3036 metuitis
242 2982 279 3034 tbi
300 2984 486 3053 oumiis,qi1i
506 3000 564 3036 oum
585 3000 618 3037 eo
638 2983 801 3055 navigabunt
820 2993 847 3038 et
864 2983 1031 3054 propinquis,
1052 2984 1098 3051 qui
1124 2984 1210 3037 edre.

106 3060 212 3109 nerent.
252 3066 311 3107 oum
330 3062 417 3107 autem
435 3063 542 3123 putaret
560 3074 589 3111 se
608 3072 662 3109 non
681 3054 825 3110 secundnm
846 3056 960 3110 studium
979 3054 1137 3107 honoratum
1150 3063 1210 3106 erse

107 3144 122 3180 α
140 3142 208 3196 rege
230 3134 256 3178 et
274 3128 343 3177 dona
361 3128 523 3180 sufficientia
541 3131 689 3197 recepisse,
709 3128 888 3180 deiectionem
907 3127 1047 3179 meditatus
1058 3133 1099 3176 est
1110 3133 1137 3175 et
1152 3132 1208 3177 sta.

107 3202 154 3252 tim
181 3192 354 3267 vectigalium
381 3208 536 3265 exactores,
558 3203 603 3270 qui
624 3203 648 3252 ei
669 3207 842 3252 occurrerent
860 3208 888 3251 et
904 3198 1026 3265 reliquos
1045 3195 1164 3263 spoliare
1183 3204 1211 3247 et

108 3272 227 3337 diripere
247 3270 337 3336 eoepit
358 3278 385 3321 et
404 3273 491 3323 omnia
508 3288 591 3342 ogere
612 3288 680 3340 quae
698 3272 798 3323 domini
820 3271 961 3323 excutiunt
979 3268 1071 3331 freno,
1103 3266 1210 3317 caedem

108 3348 196 3395 autem
216 3338 376 3395 Graecorum
402 3342 502 3396 nullam
520 3346 644 3396 instituit.
683 3359 765 3412 quere
785 3346 865 3395 etiam
885 3358 918 3393 ex
938 3341 1014 3408 regio
1032 3340 1107 3391 iussu
1119 3337 1210 3407 (audi.
1257 3406 1260 3410 ὴ

107 3419 186 3467 verat
210 3414 279 3464 enim
312 3416 400 3465 omniu
429 3420 497 3485 rex)
529 3416 606 3467 multi
637 3415 738 3467 milites
764 3416 797 3467 ad
826 3429 941 3483 pugnum
973 3413 999 3462 ei
1027 3416 1210 3463 occurrerunt.

108 3498 200 3537 omnes
218 3492 306 3535 nutem
325 3484 403 3538 huius
423 3486 512 3555 gladio
531 3489 644 3539 maximo
658 3486 759 3539 devicti
777 3493 847 3539 sunt.
875 3493 1010 3553 postremo
1028 3489 1116 3533 autem
1131 3494 1211 3530 exer-

109 3558 164 3609 citu
181 3570 277 3625 magno
297 3558 502 3609 occidentalium
521 3560 638 3627 quinque
665 3559 786 3631 ordinum
813 3557 950 3625 proiectus
972 3562 1068 3605 eontra
1092 3566 1151 3603 enm
1179 3564 1213 3601 ex

107 3628 273 3681 Armenieeis
292 3628 459 3693 provinciis,
479 3630 523 3679 ubi
550 3630 711 3695 hiemabunt,
736 3632 779 3682 cui
807 3629 946 3696 imperium
966 3626 1057 3677 hurum
1083 3622 1212 3675 creditum

110 3709 167 3753 erat
186 3699 293 3753 Samuel
314 3700 457 3751 vestiarius
467 3700 611 3752 Alusisnus
629 3710 751 3766 vocatus,
767 3710 794 3752 et
808 3716 885 3751 mane
896 3699 1034 3766 oppositus
1045 3696 1107 3746 huic
1118 3695 1210 3761 quieto

110 3780 136 3823 et
157 3788 187 3823 se
204 3772 335 3822 sollcienti
357 3786 460 3821 emoro
479 3772 523 3822 die
543 3776 748 3825 resurrectionis
775 3772 874 3823 domini
903 3778 930 3820 et
954 3784 1049 3837 magno
1076 3766 1210 3819 dominica

109 3846 236 3905 instante,
257 3840 313 3911 egit
332 3841 437 3910 quidem
454 3842 546 3893 nobile
564 3843 641 3908 nihil,
661 3846 740 3895 immo
760 3855 853 3911 possus
874 3848 915 3893 est
925 3838 1005 3891 valde
1020 3837 1099 3890 melu.
1137 3837 1209 3888 inei.

109 3915 203 3965 dentes
229 3914 298 3963 enirn
323 3914 423 3965 milites
447 3913 473 3963 in
498 3915 674 3965 tentoriorum
707 3922 798 3966 vestes
827 3923 854 3965 ot
881 3911 1004 3978 impliciti
1029 3912 1061 3962 iis
1087 3910 1209 3961 notitiem

109 3984 219 4037 Francis
239 3984 393 4036 insidiarum
414 3985 592 4036 reddiderunt.
630 3984 657 4034 hl
677 3993 763 4036 autem
783 3992 935 4035 constanter
953 3998 983 4035 se
1002 3990 1162 4034 revocantes
1179 3986 1209 4029 et

110 4052 145 4107 τά
163 4056 305 4107 arcendum
325 4058 411 4109 stetim
436 4058 518 4119 versi,
538 4070 592 4106 nou
622 4056 756 4109 laboriose
777 4057 892 4108 Graecos
917 4056 1011 4108 eastris
1037 4053 1206 4120 expulerunt.

111 4126 238 4179 celeriter
255 4136 343 4180 autem
361 4142 444 4197 equos
464 4128 638 4186 ascendentes
657 4137 686 4180 ut
704 4126 819 4179 habebat
836 4129 949 4197 quisque
968 4125 1082 4179 studium
1101 4130 1129 4175 et
1156 4134 1207 4187 up-

34 4258 38 4270 ·
110 4207 238 4267 peretum,
259 4205 285 4250 et
303 4214 317 4250 e
336 4208 412 4267 tergo
426 4201 540 4269 proiecti
559 4198 655 4253 multos
675 4201 876 4265 interfecerunt,
887 4201 953 4253 ulios
971 4200 1050 4252 vivos
1069 4196 1206 4265 oeperunt·
