2834 4750
525 271 732 359 nrsroms.
1125 261 1175 340 te

59 431 127 494 καί
149 421 504 520 ταύτα-ύιιπύτηνύντα
528 429 667 506 καὶτοῖς
689 434 765 496 ποσί
787 431 832 518 μη
859 426 1042 513 ύκλύζοντα.
1083 431 1119 500 τὸ
1140 436 1177 500 di
1210 453 1220 468 ‘

63 528 126 594 διαὶ
156 531 313 596 τοσούτων
342 531 470 616 ἡμερῶν
496 534 576 620 πεζῇ
593 533 739 614 βαδίζειν
758 536 814 598 ιιαί
841 542 999 615 πολεμεῖν,
1022 532 1078 600 καί
1094 537 1176 622 μηδὲ

63 628 186 707 νυκτὸς
207 631 343 715 ἠρεμίαν
364 623 463 714 ύγειν,
486 631 591 708 ούδείς
605 657 656 696 πω
674 634 737 696 τῶν
754 629 901 709 ᾇπύνιουν
921 636 1033 710 ιίκοαῖς
1054 631 1177 716 ἔλαβεν,

61 737 98 800 εἰ
121 729 172 816 μὴ
194 735 249 797 ε’πί
265 736 359 798 rodda
379 736 435 798 τού
452 732 572 816 α’νύρύς
592 733 770 818 ύπιρφυῶς
788 737 1091 824 έθαυματουργηθη.
1134 737 1178 812 alc

34 836 95 898 δύ’
122 835 291 914 α’πέιιαμον
320 831 350 898 οἱ
381 827 526 917 πολέμιοι
547 837 601 898 κατ’
621 837 661 922 τῇ
676 834 857 920 Ἀδριανοῦ·
873 835 965 901 πόλει
993 837 1179 921 πλησιάζειν

63 936 229 1019 ἐπέγνων,
262 935 362 1000 ὀπίσω
382 931 516 1011 ἑαυτούς
537 933 776 1019 ἀνελάμβανον,
798 937 913 1018 θαύμα
935 937 991 1002 καί
1010 931 1101 1002 οὗτοι
1120 934 1179 1021 τήν

64 1039 245 1118 καρτερίαν
276 1035 377 1101 αύιοῦ
408 1039 464 1101 καί
487 1037 619 1121 α’νύρίυιν
650 1033 693 1114 ὥς
714 1031 934 1121 οἷνεκδιηγητον
964 1037 1178 1121 λογιζόμενοι·

63 1128 151 1200 ὅθεν
172 1137 227 1200 καί
247 1135 382 1214 πολλούς
414 1140 530 1222 συνέβη
561 1139 623 1202 τῶν
647 1135 829 1222 φευγόντων
854 1133 1022 1218 Ῥωμαίων
1056 1139 1092 1202 ἐι
1123 1141 1180 1221 τῆς

65 1235 226 1320 τοιαύτης
256 1240 320 1301 ταῖν
350 1237 531 1325 βαρβάρων
561 1239 679 1322 σχολῆς
712 1237 769 1313 τὰς
801 1233 930 1304 τούτων
958 1247 1072 1322 χεῖρας
1104 1241 1180 1304 δια-

19 1349 55 1402 to
67 1347 200 1424 φυγεῖν.

165 1449 292 1522 Ἕκιοτε
325 1455 429 1524 τοίνυν
456 1457 612 1539 ούδεμίαν
635 1455 795 1541 α’ξιύλογσν
822 1456 958 1540 δύναμιν
973 1456 1005 1537 ύ
1028 1456 1180 1540 βασιλεύς

67 1554 154 1640 ἔγνω
174 1556 252 1622 κατὰ
277 1561 341 1622 ταῖν
363 1559 514 1623 ἐναντίων
536 1560 724 1639 ἐκπέμπειν,
745 1553 814 1639 ἅμα
836 1560 896 1638 μὲν
915 1566 982 1632 τοῖς
1002 1559 1179 1643 παραδείγ·
1250 1612 1255 1626 .

63 1683 154 1738 μασι
174 1655 368 1740 βαλλόμενος
389 1655 446 1742 τήν
466 1655 588 1744 ψυχήν,
608 1655 676 1740 ripa
697 1659 732 1722 δέ
752 1662 808 1724 καί
827 1660 918 1744 λόγον
941 1656 1180 1742 θρυλλούμενσν

65 1760 301 1842 προσιέμενος,
322 1759 364 1834 ὥς
389 1757 425 1823 τὸ
449 1763 538 1823 θεῖον
561 1759 618 1822 ούκ
646 1759 785 1824 ἐπινεύει
808 1759 843 1825 τὸ
864 1757 956 1836 ἔθνος
979 1759 1098 1844 ἡβηδὸν
1120 1786 1180 1826 κα·
1246 1794 1256 1818 e

21 1867 55 1920 15
65 1863 304 1945 ιαιιεντηθῆναι
326 1858 382 1925 καί
401 1865 547 1944 γλῶσσαν
568 1866 645 1942 μιάν
676 1865 739 1928 τῶν
767 1865 1038 1947 ύπηριθμημὲνων
1057 1863 1180 1945 σχολά-

65 1985 144 2024 σαι·
189 1963 405 2045 προελομένων
433 1963 468 2025 δὲ
496 1959 701 2047 τῆνέέρύνην
723 1963 830 2028 αύτύν
863 1965 1029 2044 προσίεται
1047 1962 1181 2040 τούτους

67 2060 84 2123 ὅ
106 2060 275 2144 βασιλεύς,
298 2061 353 2125 aas*
370 2058 523 2138 σπονδαῖς
554 2061 608 2127 τὸν
637 2064 775 2144 πόλεμον
795 2065 1010 2145 καταθέμενος
1030 2069 1180 2147 συλαγω-

67 2167 139 2244 γεῖν
160 2155 279 2245 ἤρξατο
304 2161 363 2237 τὰς
388 2163 514 2239 εύνσιάς
536 2163 664 2242 αύταύν,
689 2165 743 2227 καί
770 2171 835 2237 τοῖς
851 2162 1040 2242 Ῥωμαϊκοῖς
1065 2160 1179 2247 δώροις
1278 2204 1281 2213 1

68 2263 127 2326 καί
147 2254 308 2342 α’ξιούμασι
331 2265 579 2350 accumulabatur
592 2263 628 2327 τὸ
651 2263 851 2348 βαρβαρικὸν
875 2264 980 2328 αύταῖν
1000 2263 1055 2329 κατ’
1076 2262 1177 2330 υἷτύσ-

23 2363 175 2428 wauton
194 2354 282 2447 ἦθος.
691 2438 696 2450 x
790 2453 794 2456 ι

174 2480 268 2545 Κατὰ
292 2484 326 2547 δὲ
349 2482 422 2559 τούς
445 2482 563 2561 αύτούς
580 2484 717 2569 χρόνους
729 2477 843 2550 Ούννοι
856 2490 1073 2572 Νεφθαλῖται,
1085 2490 1179 2569 Περ-

68 2586 137 2648 σιύν
160 2576 295 2667 ὅμοροι,
321 2581 383 2663 σύς
407 2580 463 2672 τῆς
483 2589 645 2674 Περσίδος
676 2586 693 2651 d
713 2586 838 2673 Γάγγης
860 2583 1055 2670 ἀποτειχίζει
1075 2597 1178 2653 ποτα-

150 2807 174 2859 1.
194 2807 323 2865 ἵπποντα
342 2806 410 2867 ὄντα
429 2808 458 2863 G.
502 2834 505 2839 ·
570 2808 611 2861 18.
630 2808 776 2885 ῥωμαῖκῆς
790 2810 821 2864 G·

70 3024 162 3076 neque
182 3007 294 3074 pedibus
316 3006 463 3075 fatigatum.
502 3024 549 3075 per
571 3016 610 3060 tot
628 3016 716 3060 autem
733 3008 791 3059 dies
810 3009 922 3075 pedibus
941 3009 1045 3074 ingredi
1071 3017 1098 3060 et
1116 3010 1179 3061 bel.

71 3078 129 3131 lare
149 3094 238 3146 neque
251 3081 337 3130 noctis
352 3080 468 3148 quietem
481 3096 573 3149 agere,
593 3094 671 3132 nemo
686 3095 802 3146 unquam
815 3082 930 3131 omnium
951 3079 1029 3131 lando
1049 3080 1178 3143 audierat,

71 3151 123 3201 nisi
143 3151 172 3201 in
191 3148 243 3201 hoc
261 3151 321 3201 viro
338 3152 433 3219 ingens
455 3150 610 3203 miraculum
630 3152 728 3202 laetum
747 3158 804 3201 erat
817 3151 895 3219 (quin
917 3150 1083 3203 huncvirum
1100 3150 1179 3202 valde

71 3222 238 3290 miraretur).
278 3238 335 3273 cum
360 3231 447 3275 autem
471 3224 645 3290 fatigarentur
669 3222 761 3273 hostes
783 3230 810 3272 ct
835 3236 864 3272 se
883 3221 1059 3288 adrianopoli
1079 3237 1178 3289 appro.

72 3292 204 3361 pinquare
230 3303 434 3359 cognoscerent,
462 3303 534 3346 retro
554 3310 583 3345 se
608 3293 775 3361 recipiebant
799 3292 954 3347 miraculum
980 3302 1007 3344 ct
1032 3294 1084 3361 ipsi
1110 3310 1177 3345 con.

6 3384 8 3391 ·
75 3364 197 3415 stantiam
221 3366 278 3415 eius
298 3373 324 3415 et
343 3365 469 3417 virtutem
480 3364 661 3429 inenarrabile
679 3364 820 3427 habentes,
839 3365 909 3416 unde
929 3366 1035 3427 accidit,
1056 3373 1084 3416 ut
1102 3364 1177 3415 multi

74 3432 233 3557 lippientium
248 3435 409 3510 Graecorum
426 3446 535 3504 propter
549 3436 628 3488 talem
646 3436 817 3489 barbarorum
836 3438 953 3503 quictem
976 3451 1067 3489 eorum
1085 3450 1177 3487 uranus

75 3521 89 3554 e
110 3514 246 3575 agerent:

173 3593 265 3646 Exeo
286 3597 367 3663 igitur
390 3605 510 3664 tempore
535 3614 569 3659 ne
595 3614 673 3650 unam
701 3600 806 3667 quidem
832 3594 1031 3649 memorabilem
1058 3595 1111 3658 rim
1130 3610 1177 3646 rex
1215 3653 1225 3670 λ

74 3666 166 3715 statuit
184 3674 275 3717 contra
294 3666 386 3719 hostes
406 3670 547 3733 emittere,
567 3678 594 3721 et
612 3670 743 3737 exemplis
761 3672 829 3721 ictus
847 3670 962 3719 animum
983 3674 1010 3717 et
1028 3680 1176 3719 sermonem

75 3733 214 3804 vulgarem
239 3738 363 3804 probans,
391 3754 488 3790 numen
517 3741 635 3792 divinum
662 3740 737 3792 nolle
762 3738 890 3806 populum
914 3738 1034 3803 stirpitus
1053 3737 1176 3811 interimi

76 3812 119 3857 aut
133 3804 252 3875 linguam
280 3824 359 3861 unam
377 3825 474 3875 *earum
494 3826 561 3879 quae
587 3820 741 3863 numeratae
765 3817 826 3862 sunt
845 3810 979 3860 delicere:
1007 3824 1066 3859 cum
1088 3818 1176 3861 autem

75 3874 185 3931 mallent
204 3894 297 3945 pacem
317 3879 368 3944 illi,
388 3884 501 3935 arcessit
514 3880 562 3933 bos
581 3897 630 3933 rex
646 3890 671 3933 et
690 3884 775 3949 pactis
806 3893 865 3931 cam
888 3878 988 3931 bellum
1007 3879 1176 3946 deposuisset

76 3960 228 4016 comparare
247 3953 337 4019 coepit
355 3950 572 4018 benevolentiam
593 3968 684 4005 eorum
698 3960 725 4003 et
739 3951 848 4005 Graecis
867 3950 1019 4004 muneribus
1039 3959 1065 4002 et
1084 3951 1176 4019 digni.

75 4020 172 4073 tatibus
191 4019 298 4075 mollire
318 4022 444 4075 barbaros
467 4038 558 4077 eorum
577 4031 603 4075 et
612 4024 707 4090 impios
726 4038 823 4075 mores.

171 4108 250 4164 Circa
269 4110 361 4165 endem
388 4122 476 4167 autem
497 4122 616 4181 tempora
635 4112 723 4167 llunoi
737 4111 907 4167 lientbalitae
921 4112 1059 4166 Persarum
1079 4114 1175 4175 vicini,

77 4186 140 4243 (tos
158 4195 174 4233 ι
193 4180 301 4235 Perside
321 4184 426 4251 Ganges
444 4184 559 4238 secludit
578 4184 684 4257 fluvius,
705 4194 819 4254 quatuor
838 4194 865 4237 et
881 4186 1016 4237 dimidium
1033 4183 1175 4236 miliarium
