2834 4750
452 253 456 260 ·
546 238 757 304 rraromu
910 320 916 331 ,-
1035 191 1198 332 ν’.ἰν

86 394 287 481 ιέιοράθυμυν
318 399 359 483 τῇ
380 401 438 460 τοῦ
467 400 679 480 ο’ψοινιοιαμοῦ
702 397 885 483 ὖοτερήοει,
908 399 1009 466 εἰπεῖν
1029 401 1065 467 db
1086 402 1142 466 καί
1159 398 1195 465 τέ

89 497 239 561 κάκιστον
253 501 359 580 μέρος,
381 493 424 574 ιές
446 502 508 563 ταῖν
529 499 715 581 κρειττόνων
731 501 996 581 ἀπελαυνομένων
1016 505 1072 586 τής
1094 525 1196 586 στρα-

89 598 180 676 τειᾷς
204 595 257 659 διά
276 595 310 661 τέ
333 599 478 678 μείζονος
499 596 666 681 τυγχάνειν
690 600 824 682 βαθμοῦ
843 623 877 664 το
900 600 955 665 καί
971 603 1223 683 spasmantem.
1243 618 1294 675 tat
1310 633 1338 674 r.
1385 617 1390 625 ’

89 693 323 778 καταγνιάσεως
354 696 411 760 οὐκ
433 697 517 782 α’πήν
546 696 581 762 τό
609 697 794 781 γενόμενον,
817 701 953 784 μηδενὸς
972 705 1119 784 γενναίου
1138 726 1195 766 κα·

53 799 332 918 ὅτορθουμένου,
369 797 423 861 καί
449 801 503 880 τής
528 799 705 883 Ῥωμαϊκής
736 802 811 864 ποτέ
843 805 1115 884 μεγαλοπρεπείας
1136 805 1199 868 »καί

56 894 208 978 ἐσχάος
234 897 397 982 άνάλογον.
451 901 483 978 ἐξ
468 891 544 978 §ori
573 905 740 980 συνέβαινε
767 896 842 976 τοάς
865 901 925 985 μὲν
940 895 1118 981 Ρωμαίους
1138 902 1199 964 δυ-

73 1001 296 1063 σπαθεῖνκαι
293 999 581 1086 καταπληκτικοίις
600 995 749 1084 ἡγεῖσθαι
762 999 843 1075 τούς
863 1003 1022 1076 ἐναντιους
1042 1026 1095 1066 και
1090 999 1198 1124 μήέἐ

91 1095 206 1181 φωνήν
227 1095 405 1221 ὖπομένειν
419 1101 546 1181 ου’των,
569 1103 708 1177 ἐκείνους
740 1102 775 1166 δέ
798 1091 1032 1186 ἐναβρύνεσθαι
1049 1105 1107 1165 καί
1126 1103 1199 1186 u’ya·
1259 1135 1262 1145 =

91 1203 213 1280 ρωχείν
250 1201 304 1264 καί
328 1200 408 1278 μετά
445 1206 562 1284 πολλῆς
596 1203 859 1287 προσρήγνυοθαι
889 1200 1126 1286 πεποιθήσεως,
1155 1202 1200 1276 nic

28 1305 80 1358 10
91 1299 175 1381 πρὸς
197 1298 394 1384 ἦσαήθέντας
417 1301 566 1376 πολλάκις
586 1307 797 1384 ποιουμένους
827 1303 884 1368 τάν
912 1304 1059 1396 πόλεμον
1103 1307 1136 1381 ἐξ
1159 1293 1197 1368 οὗ

55 1407 68 1423 ‘
91 1405 154 1463 καί
171 1425 201 1464 τι
221 1402 402 1486 συνηνέχθη
433 1405 700 1487 παραλογώτατον
722 1401 778 1467 καέ
805 1405 862 1468 ουίι
884 1402 976 1472 αἰτίαν
996 1404 1095 1485 μόνον
1109 1402 1198 1490 α’φά·

90 1501 281 1584 ρητανοῖλλιέ
304 1507 357 1566 καί
370 1509 424 1587 τῆς
440 1501 620 1588 Ρωμαϊκῆς
641 1507 842 1586 ἐπικρατείας
855 1506 1008 1590 ἐπιφέρον
1025 1501 1200 1574 ἐλάττωσιν

93 1602 152 1666 καί
164 1605 277 1685 ιὀχάος
295 1603 444 1689 μεγίστης
467 1605 652 1728 ἄφαίρεριν.
730 1638 732 1641 ’

200 1700 243 1768 Τά
262 1703 383 1768 Ἀννίον
418 1703 547 1781 πάλις’
532 1729 598 1770 auu
628 1703 749 1791 μεγάλη
780 1708 836 1772 καί
864 1689 1125 1792 πολυάνθρωπος,
1145 1705 1202 1780 καί

36 1815 79 1866 15
93 1797 300 1886 πανταχόθεν
321 1805 458 1890 τάφροις
479 1810 518 1870 ου
538 1807 771 1891 χειροποιήτοις
795 1805 878 1873 άλλά
898 1815 1053 1896 φυτικαις
1074 1806 1200 1874 κοιλάσι

93 1906 152 1970 καί
158 1903 395 1982 οίδιεξοδεάτοις
410 1907 465 1972 καί
475 1909 605 1990 πέτραις
618 1905 797 1988 α’ποτόμοις
807 1911 1130 1992 ουμιιεριτιλημμένη,
1146 1909 1203 1972 καί

91 2006 227 2094 ποταμῷ
244 2008 405 2094 βαθυδίνῃ
426 2009 482 2072 καί
496 2009 606 2096 α’βάτιρ
623 2012 857 2096 περιεζωσμὲνῃ
874 2005 909 2073 τά
919 2013 1016 2092 μέρος
1029 2010 1103 2074 καθ’
1125 2001 1198 2091 ὅπερ

91 2108 275 2188 ἀπορρῶγες
285 2111 343 2172 καί
363 2105 524 2192 φάραγγες
536 2109 752 2174 ἐπιλείπουσι·
776 2109 832 2174 καί
847 2106 974 2192 βραχύς
985 2113 1054 2175 ἐστι
1067 2107 1161 2186 τόπος
1182 2107 1201 2172 ά

92 2205 156 2280 τάς
168 2207 335 2290 depedace
346 2206 429 2291 ἔχων
439 2213 494 2292 τῆς
509 2206 640 2290 πόλεως,
660 2213 715 2274 καί
735 2202 829 2287 οὗτος
846 2207 1015 2294 μετεώροις
1030 2215 1085 2276 κατ’
1104 2213 1199 2292 ίαχν.

38 2314 163 2391 νοροῐς
182 2307 411 2393 καοαχάρωται
434 2310 561 2394 τείχεσι.
616 2311 735 2396 ταάτιγν
764 2311 781 2375 ὁ
814 2314 871 2397 τῆς
898 2311 1048 2393 ἀοιδίμου
1083 2309 1200 2394 λήξεως

92 2398 283 2491 βασιλεέιςὸ
298 2408 437 2491 Manapioi
439 2434 497 2494 χος
513 2412 678 2501 ἀξιομάχῳ
701 2412 856 2499 πρότερον
875 2417 1011 2501 στρατιᾷ
1032 2406 1199 2494 παραστή-

89 2512 220 2575 σασθαι
243 2505 512 2595 διαγωνισάμενος
533 2512 590 2587 otia
609 2509 771 2599 p’drup'dp·
820 2512 996 2600 συνθήκαις
1012 2514 1048 2579 δέ
1068 2514 1124 2577 καί
1143 2535 1199 2595 μο-

131 2781 139 2791 „
167 2696 192 2751 ii.
214 2696 370 2772 ἐνεὺλογον
389 2700 418 2754 G.

95 2856 165 2906 citus
189 2870 243 2906 uon
268 2862 324 2906 erat
351 2862 426 2905 extra
450 2825 589 2921 rationem,
618 2857 688 2923 quod
713 2864 800 2908 autem
819 2855 905 2908 nudus
925 2863 952 2907 et
968 2856 1069 2909 invitus
1089 2838 1198 2923 propter

95 2934 258 2977 commeatus
278 2926 425 2999 deiectum,
448 2929 535 2992 possis
561 2928 640 2978 etiam
659 2928 766 2990 dicere,
786 2928 856 3009 prod
880 2927 996 2993 pessima
1020 2934 1093 2977 esset
1116 2942 1197 2993 pars,

95 3012 156 3049 cum
177 2997 302 3048 fortiores
320 2988 488 3050 discederent
507 3001 641 3063 exercitu,
662 3000 725 3067 quia
742 3000 868 3048 maiorem
889 2996 1103 3065 adipiscebantur
1131 3010 1197 3063 gra.

94 3070 157 3121 dum
176 3076 203 3119 et
222 3077 419 3132 deramatam,
426 3070 624 3135 vituperatione
642 3085 696 3121 nou
716 3069 824 3120 carebat
843 3070 949 3132 iactum,
969 3067 1045 3118 nulla
1061 3067 1149 3118 nobili
1164 3084 1197 3119 ra

95 3146 221 3208 peracta,
248 3147 275 3189 et
298 3155 313 3190 a
335 3139 438 3191 Graeca
463 3141 575 3206 pristina
594 3142 790 3210 magnificentia
810 3147 837 3191 et
853 3139 951 3191 robore
970 3139 1098 3190 absonum
1119 3146 1195 3203 erat,

93 3228 148 3280 qua
167 3226 200 3261 ex
217 3228 247 3262 re
266 3212 372 3275 accidit,
392 3220 421 3263 ut
440 3212 535 3264 Graeci
560 3222 723 3280 angerentur
747 3221 773 3263 et
800 3210 935 3263 terribiles
961 3218 1086 3277 putarent
1105 3210 1196 3261 hostes

9 3336 10 3339 ,
94 3292 175 3350 atque
192 3297 227 3333 ne
250 3298 344 3333 vocem
372 3284 477 3350 quidem
504 3300 595 3336 eorum
624 3288 801 3347 sustinerent,
829 3283 870 3334 illi
897 3289 984 3333 autern
1009 3296 1039 3332 se
1067 3283 1197 3332 iactareut

95 3364 122 3405 et
143 3354 250 3421 superbi
270 3362 360 3406 essent
384 3363 410 3405 et
435 3356 516 3406 muita
541 3372 598 3406 cum
623 3356 719 3407 tiducia
743 3356 954 3423 aggrederentur
979 3363 1008 3406 ut
1033 3361 1125 3404 contra
1150 3353 1195 3404 vi.

95 3436 153 3477 ctos
176 3440 257 3491 saepe
276 3433 400 3493 gerentes
418 3425 527 3491 bellum,
551 3444 602 3495 qua
623 3444 655 3479 ex
682 3446 713 3479 re
733 3430 812 3478 etiam
831 3426 933 3495 aliquid
952 3425 1064 3491 contigit
1082 3426 1195 3475 maxime

92 3498 323 3565 inexspectatum,
359 3504 385 3546 et
412 3498 482 3565 quod
507 3514 560 3549 non
592 3498 678 3553 solum
704 3499 898 3566 aegritudinem
923 3495 1121 3549 intolerabilem
1148 3495 1196 3546 sed
1268 3537 1274 3542 .

95 3570 174 3619 etiam
192 3566 472 3636 Graeci'principatus
490 3571 598 3623 afferret
616 3571 824 3622 deminutionem
845 3576 872 3619 et
887 3568 991 3621 roboris
1009 3568 1114 3619 maximi
1135 3566 1195 3633 pri.

87 3642 238 3691 sationem.

193 3728 309 3780 Annium
327 3728 390 3780 urbs
410 3736 450 3779 cst
466 3744 561 3796 magna
581 3739 608 3781 et
627 3729 762 3781 hominurn
786 3728 920 3782 abundans
949 3737 976 3779 et
1001 3727 1118 3796 undique
1137 3727 1196 3780 fos.

95 3800 203 3851 sis=uon
220 3814 298 3850 manu
327 3800 404 3851 iactis
427 3800 479 3851 'scd
506 3800 670 3853 naturalibus
697 3801 814 3852 vallibus
841 3810 867 3851 et
893 3802 965 3851 exitu
990 3800 1141 3852 carentibus
1170 3807 1197 3850 et

93 3870 204 3938 rupibus
223 3873 373 3937 praeruptis
394 3871 553 3923 circumdata
572 3880 598 3922 et
620 3872 702 3923 fluvio
722 3872 855 3938 protunda
875 3880 901 3923 et
919 3873 1059 3923 inaccesso
1079 3873 1195 3923 circum-

97 3943 183 3993 cincta
201 3944 229 3992 in
250 3956 279 3993 ea
299 3953 384 4009 parte,
406 3942 450 3994 ubi
471 3958 551 4009 rupes
572 3951 599 3993 et
624 3942 709 3993 valles
733 3944 876 4007 deficiunt,
901 3950 928 3994 et
948 3942 1039 3993 brevis
1060 3950 1101 3995 est
1119 3942 1195 3992 locus

96 4016 272 4066 circumsitum
291 4016 361 4066 riam
378 4017 518 4067 continens
535 4012 626 4077 urbis,
647 4021 726 4081 atque
746 4012 790 4062 bic
813 4014 900 4065 arduis
928 4022 955 4065 et
978 4014 1059 4065 firmis
1079 4014 1195 4065 firmatus

97 4094 137 4136 est
159 4086 251 4137 rrruris.
289 4084 358 4138 banc
376 4086 468 4143 urbem
493 4084 760 4136 celebrauemortts
785 4099 833 4134 rex
858 4084 1046 4137 biouomacbus
1080 4083 1195 4152 pugnaci

97 4166 173 4210 autea
194 4157 315 4210 exercitu
338 4159 473 4213 subiicere
492 4156 655 4210 contendens
676 4170 731 4207 uon
759 4156 854 4223 potuit,
876 4156 1043 4223 pactionibus
1062 4164 1149 4207 autem
1169 4162 1196 4208 et
