2834 4750
253 243 304 340 48'
544 268 766 338 utcunsns
800 266 1068 386 autumnas·

253 403 318 493 μήν
342 405 422 471 α’λλδ
454 411 509 472 καί
539 413 654 474 καινῶν
686 407 867 493 οἰκημάτων
898 411 932 474 ἐν
956 406 1123 500 διαφόροις
1153 401 1269 480 τόποις
1288 402 1371 470 ἐπε-

255 507 383 591 ποίητο,
413 510 468 574 καί
488 509 694 591 α’νοικοδομίις
716 516 861 593 συνεχεῖς
882 506 965 591 ἔχων
985 512 1018 573 ἐν
1039 509 1168 582 ταόταις
1187 507 1371 592 φροντίδας

255 610 423 672 κατεκένου
445 611 589 691 συχνιὶς·Ι
631 608 670 675 τό
696 613 732 674 δέ
758 613 821 674 τεόν
843 603 924 674 όλιον
948 610 1096 674 ἁπάντων
1127 608 1291 690 δπερέχον
1315 608 1372 669 καί

255 707 493 790 προτιμώμευον
513 703 603 796 αότρῖ
623 706 657 774 τό
681 706 923 794 φροντιστήριον
943 701 1001 798 ῆν,
1028 711 1074 784 εἰς
1099 704 1117 770 δ
1140 707 1195 772 καί
1210 702 1244 771 τό
1273 728 1372 788 περι-

255 812 367 882 καλλὲς
389 805 476 893 ἱερόν
498 813 657 895 α’νηγόρθή
682 813 731 874 ἐπ’
748 808 883 892 όνόματι
906 812 964 875 τοῦ
986 814 1019 874 ἐν
1037 810 1180 892 μάρτυσι
1202 801 1389 890 aspernari-5

204 899 207 907 ’
254 929 317 988 μου
340 904 433 990 δχίου
455 911 485 974 Γ
483 909 626 993 εωργίου,
650 913 834 993 οἰκοδομαῖς
857 902 982 995 ἐτέραις
1002 915 1183 991 βασιλικαῖς
1204 911 1370 987 ἐκλελαμ-

254 1014 452 1095 πρυσμίυον,
484 1010 540 1074 καί
570 1010 688 1094 πολλήν
721 1010 796 1094 ἐχον
817 1010 876 1095 τήν
893 1009 1055 1095 τερπωλήν
1082 1018 1145 1084 τοῖς
1173 1012 1369 1092 περιέχουσι

254 1112 355 1174 ταῦτα
388 1113 522 1194 λειμῶσι
549 1115 604 1176 καί
631 1120 699 1187 ταῖς
721 1117 864 1197 ἐαρινοῖς
891 1110 1002 1198 πόσις,
1024 1107 1066 1187 οἷς
1099 1111 1369 1191 ιίνταμιλλιῖσθαι

253 1207 311 1286 τοὶς
332 1209 501 1290 οἰκοδομὰς
522 1219 588 1286 τοῖς
613 1208 786 1296 δπαίθροις
807 1216 862 1276 καί
879 1212 933 1276 διό
952 1217 1015 1277 τῶν
1037 1211 1234 1297 ἀμφοτέρων
1254 1208 1368 1290 ἅρμο-

253 1315 324 1376 νίαν
344 1307 463 1396 ήδονῆς
498 1319 561 1386 τοῖς
593 1317 726 1390 θεαταῖς
753 1316 981 1397 περιγίνεσθαι.
1010 1315 1156 1396 -συνῆιμε
1178 1314 1214 1376 δέ
1234 1310 1399 1386 rouretum

254 1416 309 1478 καί
329 1420 528 1494 νοσοκομεῖον
550 1416 732 1493 ἐπιμελείας
760 1413 950 1492 διάμεστον.
1004 1412 1099 1500 φύσει
1122 1415 1157 1476 tt
1177 1417 1367 1494 μεγαλουρ-

253 1511 306 1597 χός
328 1507 371 1576 τόν
392 1516 447 1577 καί
467 1518 641 1594 βασιλικῶν
659 1518 803 1597 χαρίτων
818 1516 992 1595 τίνοίπλεαις,
1006 1513 1062 1578 καί
1076 1514 1165 1592 ζώων
1186 1509 1366 1594 ἀσυνήθεις

254 1613 343 1686 ἰδίας
362 1620 427 1688 τοῖς
448 1611 597 1699 ὑπηκόοις
629 1615 661 1692 ἐξ
684 1615 865 1699 ἀλλοδαπῆς
887 1606 1106 1699 παρεστήσατο
1127 1617 1199 1698 γῆς,
1219 1613 1297 1694 μεθ’
1322 1604 1367 1678 ὧν

256 1713 312 1776 καί
332 1711 387 1776 τόν
408 1715 554 1798 μέγιστον
585 1711 618 1779 ἐν
646 1716 852 1796 τετραπόδοις
883 1718 1064 1803 ἐλέφαντα,
1097 1709 1131 1790 ός
1158 1716 1274 1792 θαῦμα
1298 1722 1368 1786 τοῖς

255 1815 445 1892 Βυζαντίοις
472 1818 527 1880 καί
553 1824 616 1892 τοῖς
640 1809 747 1891 ἄλλοις
771 1816 954 1899 Ῥόσμαιόις,
984 1809 1029 1880 ὧν
1049 1818 1094 1892 είς
1114 1809 1190 1896 όιβιν
1222 1813 1366 1897 ἐλήλυθε
1376 1833 1398 1883 15

256 1913 475 2002 διερχόμενος,
503 1917 727 2002 ἐχρημάτισεν.
780 1914 930 2003 ἔστιγὰρ
957 1922 1088 2002 μεχέθει
1112 1920 1174 1999 μὲν
1204 1919 1366 1998 μέγιστος,

255 2012 329 2091 τούς
358 2011 460 2093 πόδας
492 2014 575 2101 ἔχων
597 2021 749 2105 ἐμφερεῖς
782 2019 995 2093 Ἀτλαντικοῖς
1025 2021 1147 2099 κίοσιν,
1169 2010 1238 2082 εἶτα
1259 2018 1367 2099 μηδὲν

257 2115 391 2190 ἀσπίδος
411 2123 618 2204 πελταστικῆς
643 2121 837 2205 α’ποδέοντα,
859 2124 978 2206 κίνησιν
1006 2112 1145 2185 ἄστατον
1168 2116 1221 2182 διδ
1245 2115 1367 2191 παντὸς

258 2215 507 2300 προβαλλόμενα,
529 2218 585 2284 οὐκ
608 2214 760 2296 όναιτίισς
781 2227 889 2301 μέντοι
912 2221 995 2286 stat
1019 2219 1109 2308 φόβῳ
1129 2225 1186 2286 cori
1203 2215 1366 2292 κώνωπος

258 2319 382 2383 πόντιον
404 2317 466 2405 γὰρ
489 2324 553 2387 τεόν
570 2326 727 2405 μεγίστων
746 2327 868 2407 θηρίων
882 2326 1007 2403 κρατῶν
1026 2323 1060 2387 ἐν
1082 2319 1171 2404 ι’σχόι
1193 2323 1248 2384 καί
1269 2319 1399 2383 α’λκι-ιλ

257 2416 384 2503 μότήτι,
407 2418 495 2503 παρὰ
517 2420 618 2501 μόνου
641 2424 697 2485 τοῦ
721 2413 869 2499 κώνωπος
899 2422 1055 2507 ἡττᾶσθαι
1078 2420 1228 2504 όμολυχεῖ
1243 2423 1301 2481 καί
1323 2421 1367 2494 τός

216 2522 221 2527 ”
257 2519 390 2604 θοόρακα
416 2519 473 2604 τήν
492 2524 553 2586 τῶν
573 2516 663 2587 αἴτιον
686 2523 806 2607 κίνησιν
826 2519 994 2605 α’ντεπόχει
1017 2523 1115 2610 αδτρῖ,
1140 2519 1199 2605 τήν
1220 2526 1367 2605 προσβο-

258 2616 315 2701 λήν
334 2616 446 2686 τοότου
463 2622 629 2705 μακρόθεν
649 2626 835 2706 α’ποσοβιόν·
859 2624 889 2687 εἷ
913 2626 974 2709 γὰρ
1001 2620 1111 2689 aanor
1132 2620 1251 2704 κιόνωψ
1274 2620 1368 2697 ἐντός

285 2793 288 2799 ’
331 2793 410 2915 ἔστι
424 2792 580 2917 ιἐοπρτιοίῆτσ
601 2793 810 2867 ἀνοικοδομδς,
829 2798 878 2849 καί
897 2792 948 2849 σθ
1018 2794 1044 2845 3.
1065 2808 1098 2845 an
1117 2788 1285 2848 κατεκαίνου
1306 2772 1368 2843 cum

354 2879 421 2917 tune

261 3047 401 3104 superaret
420 3045 446 3090 et
466 3042 550 3109 magis
572 3042 604 3093 ab
626 3058 658 3093 eo
688 3041 832 3104 coleretur,
853 3049 909 3093 erat
933 3040 1129 3103 monasterium,
1149 3039 1176 3089 in
1195 3037 1265 3106 quod
1284 3039 1366 3089 etiam

261 3110 449 3175 perpulchrum
476 3112 601 3179 templum
627 3115 777 3165 restitutum
797 3121 837 3163 est
855 3115 1014 3180 cognomine
1033 3110 1201 3162 celeberrimi
1220 3116 1365 3175 martyrum

261 3182 346 3232 saneti
366 3182 492 3250 Georgii,
520 3185 650 3236 aedificiis
679 3184 740 3236 aliis
761 3185 843 3251 regiis
868 3184 982 3247 illustre,
1010 3191 1036 3233 et
1055 3181 1149 3232 multas
1169 3180 1269 3231 habens
1291 3180 1364 3232 deli.

196 3282 198 3287 .
262 3252 317 3302 cias
338 3254 419 3317 pratis
441 3254 507 3305 haee
527 3256 695 3324 cingentibus
716 3264 742 3306 et
760 3258 850 3307 vernis
865 3255 974 3306 lloribus
986 3256 1029 3305 -ita
1048 3262 1077 3303 ut
1088 3260 1221 3304 certarent
1241 3252 1365 3302 aedilicia

262 3337 320 3371 cum
339 3326 439 3388 apertis
455 3324 523 3376 locis
543 3335 570 3377 et
588 3329 707 3394 utrisque
727 3327 863 3378 harmonia
882 3326 971 3394 gaudii
987 3325 1180 3392 spectatoribus
1197 3332 1363 3388 superesset.

261 3393 381 3445 adiunxit
408 3403 495 3446 autem
521 3396 561 3447 bis
590 3400 667 3449 etiam
696 3400 877 3449 nosocomium
911 3412 974 3448 cura
1000 3395 1126 3463 plenum3
1151 3402 1244 3445 natura
1276 3402 1364 3445 autem

261 3467 442 3533 magnanimus
464 3474 490 3517 et
504 3469 637 3535 regiarum
655 3472 798 3536 gratiarum
813 3468 908 3536 plenus
929 3477 955 3519 et
972 3467 1123 3518 animalium
1142 3467 1245 3516 insueta
1264 3481 1365 3534 genera

263 3536 391 3591 subiectis
411 3554 444 3590 ex
462 3540 605 3609 peregrina
621 3542 784 3607 transposuit
804 3550 884 3603 terra,
904 3540 973 3591 inter
990 3554 1057 3606 quae
1077 3539 1156 3588 etiam
1176 3538 1319 3588 maximum
1337 3539 1365 3587 in

231 3636 236 3643 ·
264 3609 476 3677 quadrupedibus
497 3610 681 3677 elephantum,
714 3613 758 3679 qui
777 3610 932 3663 miraculum
950 3609 1088 3675 Byzantiis
1118 3617 1145 3660 et
1162 3608 1260 3659 ceteris
1278 3607 1364 3659 Grae.

264 3681 312 3741 cis,
331 3696 442 3747 quorum
460 3683 486 3732 iu
506 3692 676 3749 conspectum
695 3684 770 3735 venit
788 3684 929 3746 transiens,
948 3682 1019 3731 emit.
1040 3689 1081 3732 est
1094 3681 1163 3731 enim
1182 3680 1365 3747 magnitudine

263 3752 407 3815 maximus,
437 3754 518 3819 pedes
543 3754 643 3805 habens
671 3754 771 3805 similes
790 3754 932 3806 Atlanticis
964 3753 1103 3815 columnis,
1123 3766 1201 3803 aures
1219 3750 1288 3801 nihil
1309 3751 1365 3801 levi

265 3828 341 3872 scuto
361 3822 514 3888 inferiores,
534 3834 607 3876 motu
631 3827 793 3877 inconstanti
821 3833 951 3892 perpetuo
983 3839 1012 3874 se
1030 3824 1203 3890 prolicientes
1226 3836 1281 3872 uon
1307 3824 1365 3873 siue

265 3904 345 3941 causa
364 3893 469 3959 quidem
488 3896 535 3947 secl
561 3905 632 3947 metu
651 3912 773 3951 muscae:
795 3898 911 3947 omnium
934 3895 1004 3945 enim
1023 3896 1193 3957 maximorum
1212 3893 1365 3944 animalium

264 3969 359 4029 potens
379 3962 475 4014 robore
496 3975 522 4016 et
540 3968 567 4019 vi
588 3983 602 4017 a
622 3968 782 4019 solamusca
799 3984 828 4019 se
846 3968 919 4020 vinci
939 3966 1047 4032 patitur,
1067 3974 1093 4015 et
1112 3972 1141 4016 ut
1158 3965 1295 4017 thoracem
1316 3981 1365 4017 au.

265 4032 332 4091 rium
352 4040 450 4083 motum
470 4038 581 4102 opponit
601 4040 635 4101 ci,
657 4039 783 4105 impetum
804 4040 882 4091 huius
903 4054 936 4089 cx
957 4036 1040 4103 longo
1059 4037 1205 4103 dissipans3
1225 4038 1325 4087 etenim
1342 4038 1365 4087 si

264 4102 332 4154 clam
351 4121 441 4156 musca
460 4106 528 4157 intus
548 4109 688 4161 intraverit
706 4126 795 4161 aurem
818 4113 885 4172 cius,
910 4124 1023 4176 poenam
1045 4109 1069 4158 ei
1087 4110 1225 4158 maximum
1246 4115 1274 4157 et
1290 4124 1365 4159 mor.

264 4182 317 4229 tem
336 4178 456 4244 imponit.
493 4179 576 4229 utitur
594 4189 680 4230 autem
701 4196 765 4232 nare
785 4189 909 4248 quantum
928 4179 1008 4230 etium
1026 4194 1114 4229 mauu.
1153 4187 1194 4230 est
1212 4180 1283 4229 enim
1302 4180 1363 4232 lou-
