2834 4750
535 253 742 320 ntsronn.
888 219 892 225 “
1138 251 1183 320 τι

65 421 241 502 βακτηρία
271 407 337 492 τοίς
366 418 513 498 γέρουσι,
551 416 607 477 καί
628 422 702 489 παῖς
731 417 771 500 τῇ
801 417 944 480 διαθέσει
973 418 1030 480 καί
1049 417 1185 500 μιμήσει
1265 448 1267 451 ·

70 520 137 603 τῆς
162 519 296 604 φάσεως.
321 516 514 610 εόθήνήσετε
536 517 570 580 δὲ
593 519 625 580 ἐν
648 513 729 595 ἐμοί,
751 519 806 577 καί
832 513 867 579 τό
890 513 1088 600 προφητικὸν
1106 521 1184 599 πλη·
1229 548 1232 554 ·

74 616 283 702 ρωθήσεταΓ
329 614 466 700 ἀλήθεια
491 614 553 698 γάρ
587 615 623 678 ἐκ
641 617 697 698 τῆς
716 617 773 697 γής
796 616 959 696 α’νατελεῑ,
983 617 1036 680 καί
1061 617 1185 679 ἐκκαλο-

69 715 162 800 σόνή
181 719 215 782 ἐκ
233 719 289 781 τὀό
305 715 442 798 οόραοοό
459 713 622 796 όιακόιγει,
645 713 701 783 καί
720 714 826 788 οόόείς
848 711 939 780 ἔσται
960 714 1111 794 καθάπαξ
1129 718 1188 781 ἐπί

29 827 53 880 5
71 819 144 882 τοῖν
160 814 251 901 ήμῶν
265 813 392 902 ήμεροόν
407 819 424 880 ό
437 819 603 904 στεναγμῷ
618 815 673 879 καί
690 815 847 902 κλαυθμῷ
860 818 915 878 καί
927 815 1071 898 στερήσει
1085 816 1185 902 άόίκιρ

69 915 396 1004 συγχυθήσόμενος.”
452 919 553 981 ταῦτα
576 919 683 996 είπιόν,
705 916 760 978 καί
773 912 1026 998 συναποκρόψας
1054 911 1184 997 ἑαυτόν,

69 1020 123 1094 ὥς
146 1017 219 1094 ἐθος
240 1027 303 1094 τοϊς
321 1021 507 1102 βασιλεῦσι,
523 1015 806 1098 -παραπετάσματι
835 1014 896 1080 σόν
917 1015 1073 1102 ιόφημίρ,
1094 1015 1186 1097 μεγί·

67 1143 170 1194 σταις
193 1121 297 1184 ἐλπίσι
321 1121 375 1182 καί
397 1115 639 1205 φιλανθρώποις
661 1122 820 1198 μετέωρον
842 1111 1015 1200 εἰργάσατο
1039 1113 1075 1179 τό
1100 1113 1186 1199 ἐπήι-

67 1243 163 1286 κοον.
208 1217 242 1284 τό
267 1222 294 1283 d’
318 1218 380 1283 α’πό
404 1222 496 1286 τοόδε
516 1221 645 1300 τήςτιόν
668 1217 864 1299 πραγμάτων
884 1213 1035 1298 ἐχόμενος
1055 1217 1185 1301 ἐνειλή-

11 1327 54 1379 10
68 1336 168 1401 ψεως
198 1322 471 1407 α’νθαμιλλωμένιρ
504 1316 594 1406 ἐῴκει
627 1328 692 1392 τοῖς
718 1313 837 1381 ἑαυτοῦ
864 1316 921 1381 καί
948 1317 1186 1401 προχαρόττειν

69 1413 151 1484 ἄλλ’
172 1414 261 1502 drea,
280 1423 340 1484 τοῦ
360 1423 518 1495 ἐπιεικοῦς
541 1424 595 1484 καί
615 1422 750 1502 μετριόυ
780 1418 824 1502 μή
855 1418 1081 1503 (ἐφιστάμενος.
1124 1441 1182 1480 πε-

68 1525 189 1606 ποίηκε
214 1526 248 1586 δὲ
272 1525 327 1585 καί
336 1530 345 1550 “’
358 1522 510 1605 τιμήσεις,
532 1519 589 1583 καί
611 1512 690 1603 ήσαν
714 1516 745 1583 οἱ
769 1522 955 1604 νεμηθέντες
987 1520 1098 1581 πολλοί
1119 1520 1184 1583 rodo

68 1647 113 1689 τε
137 1627 192 1706 τής
217 1626 338 1708 α’γοράς
363 1625 419 1688 καί
437 1625 489 1706 τής
510 1617 684 1704 συγκλήτου
703 1623 831 1703 βουλής.
876 1615 1050 1704 α’νοόρθωσε
1073 1621 1107 1685 δέ
1128 1617 1184 1684 καί

70 1721 155 1799 τοός
179 1717 238 1809 ήόή
259 1723 346 1814 παρὰ
379 1729 435 1788 τοὺ
466 1720 526 1806 πρό
551 1722 653 1786 αότοῦ
681 1718 943 1801 βεβασιλευκότος
971 1724 1035 1785 τῶν
1058 1723 1183 1786 οἰκείων

18 1835 57 1887 15
73 1825 321 1901 ἐκπεπτωκότας
344 1826 462 1904 τιμάν·
506 1821 561 1896 καί
579 1821 640 1904 γάρ
667 1826 783 1895 ἐκεῖνος
803 1818 878 1894 τοός
901 1823 945 1906 τῷ
958 1823 1183 1904 καθαιρεθέντι

71 1930 156 2008 παρ’
188 1925 288 1989 adrui
314 1930 446 2006 βασιλεῖ
471 1925 770 2012 προσῳκειωμένους
796 1919 934 1995 πολλοὺς
965 1918 1059 1997 όσους
1079 1947 1184 2004 παγα-

71 2027 153 2100 νοὺς
174 2028 207 2104 ἐξ
230 2028 361 2106 ἐντίμων
384 2025 553 2105 άπέόειξε,
583 2026 638 2088 καί
663 2024 708 2098 εἰς
737 2021 794 2097 τὰς
824 2024 917 2104 σφων
952 2023 1060 2086 ου’τῶν
1094 2023 1184 2100 όξίας

72 2124 174 2191 πάλιν
197 2121 214 2187 ό
237 2123 365 2200 Δοόκος
387 2129 610 2189 α’νεκαλέσατο.
922 2110 931 2124 ’

174 2219 241 2291 ”Ere
263 2228 297 2289 όέ
319 2230 375 2289 τοῦ
395 2222 546 2309 κράτους
577 2225 667 2313 edroi
697 2227 975 2304 συναυξανόμενον
1005 2225 1120 2309 ἐπέστη
1141 2221 1206 2286 τέ’

20 2337 59 2397 20
72 2331 132 2412 τῆς
154 2329 294 2394 ἐπετείου
310 2322 420 2411 ἐορτής
440 2331 499 2391 rod
518 2330 551 2391 ἐν
571 2329 711 2409 μάρτυσι
729 2321 933 2410 περιωνύμου
955 2319 1049 2412 οἷγιόυ
1071 2325 1102 2388 Γ
1099 2346 1183 2408 εωρ-

71 2432 173 2511 γιόυ.,
204 2427 286 2507 μετά
317 2430 352 2491 ti
382 2427 439 2510 τήν
464 2432 521 2493 τοῦ
542 2431 633 2493 θείου
657 2427 769 2508 πάσχα
797 2425 951 2510 σωτήριον
980 2428 1182 2512 ἐπιφοίτησιν

72 2529 133 2593 καί
152 2527 168 2593 ό
190 2529 362 2610 βασιλεύς,
392 2528 435 2604 τός
458 2521 496 2613 ήν
523 2530 603 2594 άπόι
620 2532 675 2593 τοῦ
707 2527 907 2610 Μονομάχου
936 2530 1209 2608 τεθεσπισμένονί.
1231 2537 1281 2595 181
1297 2553 1324 2593 τ.

74 2629 155 2705 τοός
184 2627 263 2695 κατά
295 2628 353 2715 τήν
386 2629 509 2714 ἡμέραν
536 2635 680 2712 βασιλεῖς
717 2631 762 2704 είς
784 2627 819 2693 τό
852 2632 910 2694 τοῦ
938 2629 1032 2713 ἁγίου
1063 2627 1206 2715 φοιτᾶν

152 2826 176 2876 1.
197 2828 278 2894 παῖς]
299 2824 373 2879 ποίσι
390 2818 505 2881 ndito?
612 2826 638 2877 λ.
658 2821 843 2893 εόθήνήστεαι
861 2822 891 2879 (λ.
938 2850 944 2855 ·

76 3025 121 3063 οπο
141 3016 168 3060 et
186 3007 342 3061 vaticinium
362 3006 574 3059 confirmabitur:
594 3008 694 3061 veritur
714 3006 784 3057 euim
804 3014 908 3058 eterra
927 3006 1029 3057 orietur
1049 3012 1076 3055 et
1100 3005 1181 3055 inuti.

63 3084 116 3133 =tiu
136 3097 150 3132 ε
169 3078 248 3131 οοεΙο
266 3078 455 3143 ee-deileotet‚
475 3094 563 3147 neque
582 3080 720 3148 quiequam
738 3078 846 3128 omnino
866 3078 918 3129 orit
934 3076 1033 3128 noetrir
1050 3075 1181 3140 tempori.

76 3154 128 3205 buu
153 3152 253 3220 gemitu
286 3158 312 3201 et
339 3150 403 3201 fletu
431 3160 458 3203 et
482 3158 559 3217 raptu
578 3152 676 3202 iniusto
696 3148 833 3200 confusus.
870 3147 938 3199 hoec
957 3162 1016 3198 eum
1034 3146 1138 3196 diceret
1155 3152 1183 3195 et

79 3222 229 3277 occultaret
254 3238 284 3273 ee
310 3231 338 3273 ut
362 3236 419 3273 mos
445 3230 485 3273 ost
503 3223 612 3290 regibus
630 3221 749 3289 tegmine
768 3235 827 3270 cunr
845 3218 1042 3279 benedictione,
1061 3215 1182 3267 morioris

80 3294 324 3361 exspectationibus
353 3302 380 3345 et
405 3292 525 3346 humanis
552 3293 636 3345 elatos
664 3292 778 3344 reddidit
796 3289 940 3344 subiectos.
978 3289 1074 3345 deinde
1093 3296 1182 3338 antem

79 3365 192 3431 imperio
207 3372 317 3431 recepto
331 3364 471 3418 ridebatur
485 3373 589 3417 certare
602 3378 702 3428 seeum,
722 3374 749 3416 et
764 3362 920 3416 adumbrare
932 3363 1049 3413 inuieenr
1059 3358 1181 3412 elemen-

79 3438 143 3489 tiurn
164 3443 189 3485 et
201 3437 356 3488 modoetiam
369 3450 422 3487 nou
440 3437 593 3490 desistebat.
632 3436 697 3487 iecit
714 3444 801 3487 autern
816 3436 894 3487 etiarn
906 3434 1040 3486 honoret:
1060 3438 1088 3481 et
1106 3436 1182 3479 eruut

82 3508 205 3560 honorati
230 3506 305 3559 rnulti
332 3524 365 3559 ex
390 3508 433 3573 iis,
459 3509 503 3576 qui
523 3510 550 3559 in
576 3509 635 3560 ioro
662 3516 689 3559 et
714 3516 806 3560 renutu
833 3514 916 3559 eruut.
953 3503 1070 3557 restituit
1094 3507 1182 3550 autern
1251 3504 1256 3511 '

82 3581 161 3631 etium
181 3594 228 3630 eos
248 3578 292 3646 qui
312 3580 363 3630 iarn
382 3594 397 3629 ο
416 3581 556 3646 superiore
574 3596 640 3648 rege
659 3580 744 3646 putriu
760 3579 840 3631 eiecti
860 3575 936 3629 er'nut
950 3577 1093 3628 honoretur.
1138 3578 1183 3620 et.

83 3651 152 3701 eninr
171 3648 219 3700 ille
238 3665 315 3717 quum
334 3649 472 3716 plurimos,
493 3652 538 3718 qui
557 3653 615 3720 regi
635 3666 650 3701 a
668 3666 698 3702 ue
717 3650 822 3703 subluto
842 3648 988 3700 iumiiiuree
1008 3645 1128 3706 inerunt,
1155 3642 1182 3692 in

81 3735 200 3789 paganos
227 3724 338 3773 mutavit
364 3736 397 3771 ex
422 3721 569 3785 honoretis,
596 3730 675 3790 utque
700 3722 750 3773 hoe
774 3722 801 3772 in
826 3722 898 3786 ipsae
924 3732 1014 3768 eorurn
1039 3714 1206 3782 dignitates¹

82 3808 172 3845 rursus
192 3792 279 3843 Duces
305 3792 455 3844 revocavit.
1008 3791 1014 3808 ⁹

181 3880 234 3931 lam
255 3896 321 3932 vero
340 3881 438 3932 robore
458 3882 482 3931 ei
503 3888 581 3931 aucto
600 3879 715 3931 instabat
733 3879 894 3943 iestusdiee,
906 3879 951 3946 qui
970 3878 1111 3945 quotannis
1132 3895 1181 3930 ce.

81 3952 217 4015 lebrutur,
246 3952 357 4003 illustris
383 3954 609 4022 inter'martyres
638 3952 722 4002 sancti
749 3944 867 4017 Gdorgii.
905 3958 965 4017 poet
989 3951 1073 4002 diuini
1092 3958 1180 4001 autern
1246 3996 1252 4007 .

83 4025 142 4075 desti
169 4023 282 4074 faustum
309 4024 449 4075 adventurn
470 4025 548 4073 etium
567 4040 615 4073 rex
633 4030 661 4071 ut
681 4030 738 4072 erat
755 4023 817 4073 inde
836 4038 851 4072 a
870 4021 1044 4074 liionornueho
1063 4024 1181 4089 impera.

85 4103 146 4157 tum,
166 4102 196 4145 ut
215 4095 260 4163 qui
279 4101 332 4156 tum
353 4104 444 4148 essent
461 4110 542 4163 reges
561 4095 594 4146 nd
613 4094 697 4145 suncti
715 4095 786 4144 irent
804 4096 966 4161 martyrium,
986 4094 1030 4146 ubi
1049 4096 1107 4161 ipse
1133 4101 1182 4145 ue-

87 4166 173 4218 diiieiu
193 4164 333 4233 splendida
353 4175 380 4219 et
402 4169 520 4235 pretiosa
540 4175 567 4218 et
584 4165 693 4235 regibus
712 4174 773 4233 τρια
793 4168 985 4231 constituereris
995 4174 1024 4217 ut
1041 4165 1123 4233 igitur
1132 4178 1183 4216 ex·
