2834 4750
540 263 758 362 'mercam
1121 286 1201 366 ‘tot

102 474 313 576 προενενχαν
323 453 446 537 πληθύι
468 456 568 542 πολλῇ
588 454 729 537 μεγάλας
756 480 812 530 τας
835 455 1093 540 ἀνδραγαθίας)
1077 482 1112 522 εκ
1131 472 1204 540 χεν·
1271 480 1275 490 ’

102 550 158 635 ρός
179 550 404 637 απειργοίοατο.
449 555 591 640 προϊόντι
613 559 648 620 δὲ
670 557 714 642 τῷ
739 562 868 677 βαριλεῖ
886 560 1007 622 ἐκεῖθεν
1027 561 1102 639 μεθ’
1124 556 1343 641 ›teet-1⁹21·

101 677 160 737 ρας
181 651 269 727 τινὰς
283 655 440 772 ρ’παντοῖν
463 659 518 720 καί
538 651 797 778 teotoppenetff
777 682 898 722 απαντα
913 657 1124 742 ποιησάμενος
1145 684 1203 725 σν-

100 751 223 818 νείτιετο
255 757 300 840 τῷ
332 759 481 836 βασιλεῖ,
516 781 567 819 και
598 753 698 831 αίτός
719 757 842 839 ὀλίγους
867 755 956 831 τινας
985 782 1048 823 ταν
1082 757 1204 824 οἰκείων

10 923 30 948 ·
61 855 309 935 ὅστρατιοιτῶν
332 849 540 937 ἐπαγόμενος·
562 853 635 931 τούς
656 854 716 940 μεὶς
738 851 854 932 ἄλλους
875 859 1042 924 κατέλιπον
1060 861 1106 934 εἷς
1127 853 1202 943 ὅπερ

102 950 271 1037 ἐπεκράτεε
296 959 355 1018 τοῦ
377 959 638 1038 Μαοροκα’σιροα
670 958 838 1043 φρούριον,
861 960 907 1033 εἰς
926 961 981 1022 ἕνα
1003 961 1067 1024 ταῖν
1084 958 1204 1041 Ἀρμε-

97 1054 218 1117 νιακῶν
248 1051 352 1119 τόπων
383 1059 436 1120 ἐπί
457 1057 560 1142 λόφον
586 1059 729 1138 κείμενον
761 1054 889 1143 ὑψηλοῦ
912 1059 967 1124 καί
987 1055 1233 1143 daramprei..

99 1175 188 1217 στου.
232 1155 417 1239 διαβληθείς
442 1157 477 1220 δὲ
498 1156 578 1240 πρὸς
606 1159 661 1221 τὸν
683 1160 820 1239 βασιλέα
848 1156 892 1234 ὥς
912 1159 1049 1240 μελετῶν
1069 1156 1125 1222 καί
1143 1148 1206 1222 ari-

98 1259 155 1329 θις
179 1249 267 1335 α’μόν
288 1279 319 1318 τι
340 1255 395 1320 καί
416 1281 549 1323 απιστον
569 1256 645 1325 rard
663 1283 718 1345 την
741 1260 859 1324 οἰκείαν
879 1258 984 1344 φνλήν
1007 1253 1119 1343 (φύσει
1141 1257 1203 1344 γὰρ

42 1347 119 1412 10”
99 1376 234 1420 απιστον
267 1354 300 1423 τὸ
325 1359 412 1438 γένος
433 1361 493 1422 τῶν
516 1356 706 1446 Φρόνησιν),
738 1359 795 1424 καί
816 1384 869 1458 οτι
895 1361 956 1442 οιίχ
978 1359 997 1442 ἧ
1021 1363 1206 1445 προαίρεσις

98 1554 146 1639 μὴ
169 1559 342 1624 ἐπιθέσθαι
362 1583 409 1644 τῳ
428 1565 566 1641 θασιλεῖ,
588 1560 687 1626 πολλα
712 1557 992 1646 ιιαταγνωσθείςι
967 1586 1010 1638 ως
1031 1561 1207 1648 α’χοίριστος

99 1658 159 1721 καί
177 1659 343 1742 θεομισής,
368 1663 491 1725 ἐκεῖθεν
516 1661 713 1750 ἀπεπέμφθη
735 1665 794 1730 τοῦ
815 1664 1051 1748 στρατοπέδου,
1080 1661 1125 1746 μη
1148 1687 1207 1727 κα-
1241 1709 1243 1714 ι

99 1761 215 1841 θαραῖς
248 1760 472 1842 αἰιελεγχθείς,
503 1761 695 1846 ὑπονοηθεὶς
726 1764 761 1827 δὲ
788 1761 843 1827 διὰ
874 1762 931 1846 τὴν
950 1765 1108 1848 προτέραν
1129 1761 1208 1827 dnt-

46 1873 88 1924 15
101 1880 194 1922 νοιαν
216 1858 272 1923 καί
297 1858 332 1922 eti
355 1857 442 1942 παρὰ
467 1862 629 1942 Νεμίτζον
659 1861 746 1937 τινὸς
767 1866 829 1927 τῶν
849 1861 1014 1944 ἐπισήμων
1034 1885 1206 1946 κατηγορη-

100 1962 202 2040 θῆναι
226 1962 386 2042 σφοδρῶς.
439 1958 468 2024 oi
492 1962 521 2024 δ’
542 1957 664 2044 ἑταῖροι
698 1959 814 2028 τούτου
833 1961 990 2042 μαθόντες
1012 1959 1048 2024 τὸ
1070 1959 1218 2044 γεγονός·

100 2049 236 2139 ἄραντες
251 2061 285 2122 ἐκ
300 2058 356 2123 rori
374 2064 533 2146 φρουρίου
552 2059 608 2144 τήν
621 2067 879 2143 Μεσοποταμίαν
894 2059 1083 2147 κατήλασαν,
1103 2059 1203 2126 πολλοὶ

101 2155 280 2234 decedente
304 2157 404 2226 εκεῖσε
428 2163 470 2225 δι’
494 2164 668 2282 ἐπιδρομῆς
688 2163 900 2246 ἐργαζόμενοι.

200 2257 285 2324 'Eure
307 2261 372 2325 d‘
356 2287 371 2326 o
396 2263 548 2358 βασιλεὺς
567 2286 646 2344 μετα
670 2253 853 2345 τιλὴθονς
834 2287 907 2347 ηκεν
926 2265 971 2341 εἷς
994 2263 1053 2346 τήν
1075 2262 1206 2330 Καισοί-

47 2385 204 2447 portetur,
226 2355 294 2429 εἶτα
318 2390 371 2429 και
393 2392 429 2451 τη
417 2355 604 2455 ”Λαρίσση
626 2365 807 2449 προσέμιξε,
827 2367 883 2432 καί
905 2361 925 2449 ἦ
951 2363 1042 2453 φήμη
1061 2390 1120 2450 την
1141 2363 1208 2452 φή·

100 2487 165 2550 μην
190 2458 405 2549 φθάνουσα
384 2490 422 2549 ην
447 2465 489 2541 ὥς
515 2467 664 2550 Τούρκων
689 2462 858 2550 πλῆθος“
841 2491 914 2555 οσον
937 2490 1025 2531 coneo
1045 2469 1121 2531 ποτὲ
1142 2464 1202 2551 πρὸ

102 2561 321 2646 διαστήματος
344 2565 401 2629 οὐκ
423 2564 530 2650 ὀλίγον
551 2572 698 2650 λεηλατεῖ
718 2568 773 2631 καί
799 2549 990 2651 κατατρέχει
1010 2565 1067 2654 την
1085 2566 1205 2651 χώραν,

103 2668 263 2749 ἐξέπεμψε
295 2670 356 2749 μὲν
376 2672 473 2753 μέρος
496 2694 525 2733 τι
553 2668 606 2753 τῆς
626 2669 778 2752 στρατιᾶς
797 2672 865 2733 κατ’
890 2672 1013 2755 αὐτῶν,
1050 2670 1150 2755 μηδὲν
1169 2669 1205 2733 ti

102 2971 200 3027 magna
214 2958 283 3009 iacta
302 2956 423 3015 cominus
441 2957 567 3042 perfecit
604 2959 788 3027 progredienti
806 2966 894 3011 autem
914 2960 974 3029 regi
993 2960 1056 3012 inde
1072 2968 1133 3028 post
1147 2959 1205 3016 dies

102 3031 208 3116 aliquot
226 3028 372 3081 adveniens
393 3037 419 3081 et
437 3031 509 3082 servi
529 3030 611 3082 instar
631 3031 720 3081 omnia
740 3030 843 3082 iaciens
862 3039 990 3100 sequutus
1010 3038 1052 3081 est
1069 3045 1161 3097 regem
1179 3040 1206 3083 et

102 3106 163 3170 ipse
183 3114 284 3167 paucos
303 3101 428 3167 quosdam
448 3116 554 3153 suorum
572 3101 686 3153 militum
705 3101 849 3153 adducens
887 3110 991 3153 ceteros
1009 3100 1079 3151 enim
1096 3099 1206 3170 reliquit

101 3176 132 3225 in
151 3172 326 3225 Maurocastri
345 3174 388 3222 cui
413 3172 558 3238 imperabat
577 3171 715 3223 castello
708 3188 736 3222 m
760 3186 814 3223 uno
844 3172 1061 3224 Armeniacorum
1086 3171 1206 3223 locorum

102 3246 156 3297 sito
177 3245 205 3295 in
223 3242 295 3294 colle
316 3242 370 3295 alto
395 3251 421 3294 et
441 3243 631 3295 inaccessibili.
668 3244 803 3295 incusatus
822 3250 910 3294 autern
929 3242 998 3310 apud
1020 3257 1111 3311 regem
1130 3244 1207 3309 quasi

102 3315 277 3369 meditaretur
296 3316 374 3365 etiam
388 3330 477 3366 rursus
497 3314 605 3366 crudele
620 3315 682 3381 quid
703 3323 730 3365 et
748 3315 854 3366 infidum
866 3316 894 3365 in
907 3316 990 3381 ipsius
1010 3314 1130 3365 centuria
1140 3316 1205 3380 (na.

103 3397 165 3439 tura
193 3387 262 3437 enim
297 3386 404 3437 infidum
436 3401 520 3455 genus
544 3385 726 3455 Francorum)
756 3395 782 3437 et
811 3386 882 3454 quod
914 3401 969 3437 non
999 3386 1124 3438 voluntas
1158 3385 1206 3436 sed

104 3459 249 3510 amicorum
274 3458 331 3507 eius
351 3457 470 3509 absentia
497 3458 682 3509 remissionem
703 3457 842 3522 efiiceret,
871 3458 1011 3525 quominus
1034 3456 1206 3508 insidiaretur

104 3531 184 3597 regi,
204 3528 283 3579 valde
302 3529 461 3580 diiudicatus
480 3535 509 3578 ut
527 3530 646 3596 ingratus
666 3536 692 3580 et
711 3529 762 3581 deo
781 3530 902 3592 invisus,
931 3529 993 3580 iude
1017 3528 1140 3578 dimissus
1166 3532 1206 3576 est

104 3602 247 3651 exercitu:
266 3614 320 3650 non
339 3615 405 3667 pure
426 3600 574 3663 convictus,
594 3601 641 3651 sed
660 3609 799 3667 suspectas
819 3607 929 3667 propter
949 3600 1066 3666 priorem
1084 3598 1205 3664 pravita-

103 3682 158 3725 tem
179 3680 205 3721 et
222 3673 285 3739 quia
303 3687 319 3722 a
337 3670 458 3723 Nemitao
479 3670 590 3737 quodam
608 3671 752 3723 illustrium
781 3678 919 3729 accusatus
951 3678 1007 3721 erat
1032 3683 1203 3737 magnopere.

103 3744 183 3795 amici
203 3750 290 3793 autem
309 3741 386 3794 huius
406 3748 544 3809 postquam
563 3742 723 3795 audiverunt
740 3758 805 3806 rem,
819 3741 934 3823 proiecti
952 3757 968 3790 e
987 3738 1100 3792 castello
1113 3740 1204 3793 liero-

104 3815 248 3882 potenciam
266 3814 388 3882 aggressi
407 3821 477 3877 sunt‚
501 3812 584 3864 multa
602 3812 672 3864 mala
688 3813 811 3864 incolis
804 3813 959 3864 incursione
980 3811 1153 3866 mceseentes

206 3901 259 3953 Sed
278 3917 336 3952 cum
355 3916 404 3952 rex
423 3916 482 3951 curn
500 3899 668 3950 multitudine
677 3902 785 3950 ventret
793 3900 826 3951 ad
836 3898 1002 3963 caesaream,
1014 3900 1109 3952 deinde
1126 3902 1204 3954 etiam

105 3975 230 4027 Larissae
248 3988 278 4024 se
297 3975 475 4041 coniungeret
495 3980 521 4022 et
542 3970 610 4022 tama
630 3970 723 4021 famam
744 3978 928 4037 praeverteret
946 3971 1086 4023 'lanearum
1110 3973 1204 4024 multi-

106 4046 241 4108 tudinem,
262 4053 358 4112 quanta
383 4058 516 4111 nunquam
542 4049 638 4106 antea,
665 4040 812 4093 intervallo
836 4055 889 4093 non
926 4058 1010 4109 parvo
1034 4044 1151 4112 diripere
1179 4052 1206 4095 et

104 4132 264 4183 percursare
282 4123 395 4181 terram,
413 4114 485 4169 misit
508 4122 608 4181 partem
626 4078 748 4198 aliquam
775 4115 908 4167 exercitus
932 4124 1024 4167 contra
1049 4130 1111 4168 eos.
1135 4113 1206 4168 nihil

105 4194 194 4249 autem
213 4187 395 4257 perficientem
418 4187 465 4240 sed
483 4186 629 4255 lugientem
649 4186 787 4252 excipiens
805 4188 912 4241 missurn
940 4190 1087 4240 exereitum
1111 4187 1205 4239 ordina
1288 4181 1292 4197 '
