2834 4750
264 219 339 312 tsi
567 221 786 297 urcnsmrs
811 218 1078 302 amnicum

265 397 320 466 κατ’
345 403 606 476 κατακλείσαντες
635 396 725 468 ἔνδον
752 395 805 462 τόν
835 397 1047 476 α’ντικιίμενον
1067 385 1149 472 μετὰ
1171 387 1242 451 τοόν
1264 381 1374 448 συνόν-

265 526 328 566 των
364 501 451 586 αδτῷ
482 499 607 566 πόντων
641 493 930 581 καταγωνισάμενοι
962 496 1124 575 τρέψωσι,
1153 478 1305 564 καίόπδ
1326 480 1375 564 τῆν
1411 568 1412 577 ¹

263 603 356 686 σφιόν
377 601 483 666 αι’τιόν
513 609 606 685 χεῖρα
630 600 815 681 ζωγροδσαν
836 589 860 679 ῆ
880 591 1082 680 φονεόαοσαν
1109 584 1258 662 ἅπαντας
1279 585 1326 665 ὥς
1347 586 1375 648 ἕ*
1411 584 1412 593 “

264 701 379 789 areop
403 697 569 785 ποιήσωσι.
619 701 675 764 καί
696 689 736 780 ῆν
754 696 774 781 ἦ
792 698 909 779 μελέτη
933 688 1083 792 σταθηρό
1104 693 1168 755 καί,
1183 687 1374 796 στρατηγικῆ
1411 718 1412 775 }

264 806 320 868 κατ’
339 803 395 868 τοῦ
418 798 605 886 θηριόματος
626 797 773 879 σόνοχος,
795 799 840 873 τίς
859 797 946 870 τέλος
973 797 1008 859 δὲ
1028 792 1072 876 μῆ
1095 793 1322 874 περισωδεῖσα
1343 787 1392 847 τοῦ

263 905 319 988 τῆς
340 902 426 988 νίκης
448 903 614 988 διέφθειρε
636 896 804 984 τρόφιμον.
827 897 1021 981 συνήρχοντο
1042 896 1102 974 μὲν
1129 889 1194 974 peip
1213 887 1249 952 ἐν
1270 886 1377 972 redegi

264 1002 298 1070 τό
320 1027 354 1070 τε
373 1000 500 1083 πεζικόν
534 999 590 1066 κατ’
616 997 764 1067 ναυτικόν
789 1000 993 1083 στράτευμα,
1019 991 1235 1078 προελθόντες
1257 991 1296 1052 δὲ
1315 985 1375 1070 πρό

167 1075 175 1094 ⁰
262 1106 319 1170 τοῦ
340 1093 451 1176 όιστοος
474 1098 503 1166 οἱ
519 1103 575 1186 τῆς
599 1101 728 1183 πεζικῆς
750 1096 863 1181 μοίρας
879 1099 1082 1178 στρατιῶται,
1105 1089 1162 1157 καί
1184 1091 1374 1170 ἀποπλανη-

264 1206 370 1277 δδντις
404 1199 524 1270 ἐκεῖθεν
560 1199 615 1266 ἐπί
644 1202 824 1284 κατασκοπῇ
858 1195 914 1260 καί
943 1191 1121 1276 καταλήψει
1149 1190 1257 1275 δῆθεν
1289 1191 1391 1269 τινῶν,

265 1300 465 1370 Μακεδόνων
488 1304 703 1383 anticipasses
729 1302 763 1364 ἑν
794 1294 990 1382 πορρωτάτω
1024 1295 1134 1378 δνροῖς
1164 1295 1304 1357 ἐκείνων
1322 1293 1406 1372 piru

266 1404 324 1467 αδκ
345 1401 548 1485 τόστόχησαν
566 1399 621 1465 καί
643 1403 804 1482 α’πέτυχον
824 1400 878 1480 τῆς
894 1394 1076 1479 ἐπιβουλῆς,
1097 1403 1163 1470 τοῖς
1189 1396 1227 1457 δὲ
1244 1387 1377 1476 Βαρόγ-

264 1525 332 1586 ραις
353 1502 392 1563 οδ
421 1500 640 1582 συνεδόασαν,
677 1494 731 1564 ότι
761 1502 803 1586 τῷ
827 1499 950 1582 Ἀδόρα
979 1497 1193 1579 προσέβαλον.
1242 1487 1378 1574 όμωςδ

265 1593 322 1666 τόν
344 1597 375 1664 οδ
395 1601 455 1681 μὲν
478 1598 642 1685 Βόραγγοι
663 1599 722 1675 τός
743 1599 844 1674 πόλας
876 1600 977 1664 αόταό
998 1596 1192 1679 βιασόμενοι
1215 1593 1315 1670 ἐντός
1335 1597 1379 1658 εί-

263 1698 469 1784 σιπῆδησαν,
493 1703 549 1763 καί
570 1699 743 1774 πανόπλοις
765 1701 937 1784 ἐπιφοραῖς
960 1693 1007 1760 ἔτι
1027 1697 1151 1778 πρωίας
1174 1686 1286 1778 οὔσης
1311 1693 1378 1768 τοός

265 1804 323 1868 τιό
346 1798 523 1882 Βρσεννίου
547 1804 808 1884 κατηγωνίσαντο.
851 1795 978 1872 ἱππότας
1008 1799 1044 1861 δὲ
1067 1789 1154 1871 ὄντες
1177 1796 1406 1859 extenuasset

268 1900 374 1966 ἵππων
397 1897 566 1982 ἐπιβάντες
589 1903 636 1976 εἰς
666 1897 772 1988 φνγῆν
806 1897 1016 1983 ε’ξωρμῆκασι.
1065 1900 1110 1982 μῆ
1133 1889 1239 1961 όντων
1265 1897 1305 1959 δὲ
1327 1897 1379 1960 τόν

265 2004 300 2066 ἐν
321 2001 441 2088 ῆπείριρ
465 2002 666 2086 στρατιωτῶν
694 2002 759 2081 κατ’
777 1993 869 2081 datto·
882 1999 987 2063 αότῶν
1014 2001 1071 2062 καί
1090 1997 1300 2080 ὑπάντησιν,
1320 1999 1378 2060 διέ-

266 2123 370 2186 φυγον
391 2101 448 2184 τῆν
470 2103 705 2186 πανωλεθρίαν.
761 2096 895 2182 ὕστερον
915 2099 944 2164 δ’
969 2100 1135 2184 ἐπιφανείς
1157 2095 1174 2159 ὃ
1198 2093 1378 2169 Ῥσυσὲλιος

265 2197 328 2265 σόν
349 2204 391 2289 τῷ
414 2205 559 2289 προὲδρρι
580 2202 705 2288 Ἀλεξίρι
728 2201 862 2278 ι’διλοξαν
880 2202 938 2280 μὲν
957 2200 1101 2284 κατόπιν,
1122 2195 1326 2280 βουλόμενοι
1347 2198 1376 2258 δὲ

268 2297 322 2368 τόν
344 2301 484 2385 διωγμόν
506 2301 657 2368 ἐπιτεῖναι
681 2299 737 2366 καί
755 2299 892 2378 πολλοὺς
923 2305 1044 2388 σφῆλαι
1067 2302 1131 2363 τῶν
1149 2299 1310 2364 ἐναντίων
1329 2301 1403 2359 κα-λλΙ

265 2408 532 2486 τασασιισμδνονς
562 2407 605 2492 τῷ
627 2404 718 2492 φόβαι
746 2403 801 2469 καί
824 2404 1002 2489 φεόραντας
1030 2404 1276 2486 ἀμεταστρεπτί
1295 2393 1375 2484 παρό

219 2554 224 2561 -
266 2507 329 2571 τῶν
351 2506 441 2571 ἰδίων
464 2507 522 2569 οδκ
544 2502 814 2589 εἰσηκοόσδησαν,
836 2502 989 2569 δεδιότων
1009 2501 1045 2568 τό
1067 2502 1286 2583 α’πατὲλεσρια.
1309 2499 1376 2565 ἕπε-

267 2626 324 2669 σον
347 2607 383 2669 δι’
399 2628 479 2681 τινες
501 2602 688 2681 Μακεδόνες
713 2607 746 2669 ἐν
771 2608 814 2691 τῷ
837 2603 962 2693 κόστριρ
984 2605 1072 2690 παρὰ
1092 2607 1154 2669 τῶν
1170 2603 1270 2687 Ῥοῖός,
1292 2594 1377 2667 ἄλλοι

339 2761 365 2813 3.
386 2763 590 2835 ζωαγονοῦσαν
609 2764 638 2817 G.
1411 2815 1413 2860 Ι

268 2905 401 2963 bellantes
428 2918 566 2963 verterent
591 2918 618 2963 et
642 2912 671 2963 in
700 2927 774 2965 suam
798 2927 905 2964 manuni
930 2916 1133 2965 conservantem
1165 2917 1211 2963 aut
1235 2921 1376 2965 necantem

268 2996 360 3034 omnes
389 2988 512 3051 tanquam
537 2983 565 3033 in
592 2990 650 3035 rete
678 2984 848 3052 redigerent:
872 2991 953 3051 atque
979 2989 1036 3033 erat
1061 2980 1212 3033 consilium
1228 2984 1337 3035 lirinum
1353 2993 1377 3034 ct

261 3054 467 3119 ,imperatorium
495 3062 522 3108 et
541 3055 693 3107 venationis
713 3045 811 3118 tenax,
837 3063 974 3122 postremo
1001 3061 1089 3104 autem
1112 3067 1167 3105 non
1187 3064 1375 3107 conservatum

268 3125 400 3176 victoriae
418 3126 533 3191 perdidit
551 3125 721 3177 alimentum:
735 3125 938 3177 'conveniebant
951 3126 1020 3176 enim
1039 3125 1066 3174 in
1081 3124 1195 3174 cundem
1211 3124 1309 3177 locum
1326 3136 1375 3177 tarn

267 3196 371 3261 pedites
391 3204 418 3246 et
436 3194 541 3248 navalis
562 3198 712 3249 exercitus:
739 3198 884 3264 progressi
897 3203 986 3249 autern
1014 3203 1075 3246 ante
1094 3195 1188 3246 urbem
1207 3196 1315 3249 milites
1334 3199 1374 3265 qui

269 3274 395 3332 exparte
414 3268 532 3334 peditum
552 3274 636 3330 erant,
660 3276 687 3319 et
707 3277 837 3336 vagantes
856 3268 919 3319 inde
938 3268 971 3319 ad
991 3265 1182 3333 speculandum
1205 3275 1234 3318 et
1255 3283 1374 3335 occupa.
1406 3283 1413 3304 ν

266 3338 368 3387 tionem
386 3337 577 3400 nonnullorum
595 3338 779 3403 Macedonum,
805 3341 852 3406 qui
871 3338 954 3405 longe
973 3340 1000 3387 in
1021 3339 1092 3406 agris
1112 3338 1303 3403 versabantur,
1322 3340 1375 3391 illis

268 3408 374 3475 quidem
394 3424 448 3459 non
467 3416 528 3461 sunt
546 3410 625 3476 potiti
646 3418 672 3461 et
690 3409 848 3462 aberrarunt
864 3426 880 3461 a
898 3411 1037 3476 proposito
1058 3424 1117 3459 cum
1135 3408 1270 3477 Barangis
1290 3420 1375 3463 autem

267 3494 322 3531 non
342 3487 537 3545 convenerunt,
555 3480 799 3547 quandollthyrem
817 3482 940 3549 aggressi
958 3489 1027 3532 sunt.
1064 3488 1153 3530 tamen
1171 3480 1292 3549 Barangi
1312 3498 1374 3548 por.

267 3558 307 3601 tas
319 3552 376 3602 eius
388 3551 562 3618 effringentes
580 3552 652 3605 intus
673 3552 836 3615 insilierunt,
857 3559 883 3601 et
901 3553 978 3619 gravi
996 3559 1146 3602 armaturae
1162 3552 1267 3617 impetu
1281 3555 1375 3604 etiam-

268 3628 322 3671 tum
341 3621 556 3687 maneBiyennii
570 3622 669 3675 milites
682 3622 865 3674 debellarunt:
885 3622 928 3673 illi
940 3630 1037 3685 autern,
1053 3618 1166 3689 equites,
1178 3638 1264 3690 equos
1279 3641 1375 3677 meen-

270 3692 363 3743 dentes
378 3694 406 3744 in
422 3694 512 3761 lugam
539 3710 568 3747 se
590 3695 779 3760 proiecerunt:
800 3710 859 3744 curn
871 3700 960 3745 autern
974 3709 1029 3745 non
1049 3700 1139 3744 essent
1155 3696 1268 3759 milites,
1286 3698 1333 3764 qui
1351 3698 1376 3745 in

269 3764 420 3815 continenti
433 3771 508 3815 erant
520 3766 548 3816 in
557 3772 702 3831 conspectu
716 3780 808 3817 eorum
818 3781 906 3833 neque
920 3765 952 3816 iis
963 3764 1131 3826 obvenirent,
1141 3765 1296 3833 effugerunt
1305 3784 1376 3819 sum-

268 3849 336 3885 mam
353 3834 470 3887 cladem:
487 3844 581 3903 postea
592 3844 680 3887 autern
690 3837 837 3889 adveniens
851 3835 977 3888 Ruselius
988 3846 1047 3886 cum
1065 3836 1188 3901 praeside
1201 3836 1303 3889 Alexio
1315 3854 1376 3904 per-

260 3907 354 3958 secuti
381 3915 441 3959 sunt
467 3922 512 3958 eos
537 3922 553 3959 a
578 3915 672 3975 tergo:
698 3910 825 3960 sedeam
851 3906 956 3958 vellent
979 3907 1195 3973 persecutionem
1214 3911 1376 3974 protendere

270 3981 297 4023 et
314 3975 412 4029 multos
426 3986 598 4044 prosternere
618 3980 788 4033 adversarios
802 3993 947 4031 concussos
964 3985 1037 4028 metu
1055 3984 1084 4028 et
1098 3977 1236 4046 fugientes
1250 3982 1375 4032 inretorto

270 4041 361 4107 oculo,
380 4062 396 4095 a
415 4049 470 4099 suis
489 4064 543 4101 non
563 4050 681 4101 exauditi
700 4056 761 4103 sunt
777 4050 958 4102 metuentibus
984 4050 1092 4101 exitam.
1115 4049 1274 4104 ceciderunt
1293 4062 1376 4103 autem
1411 4073 1412 4078 ¹

266 4113 395 4181 nonnulli
412 4116 570 4173 Macedones
589 4122 618 4171 in
638 4122 752 4174 castello
773 4138 807 4174 ex
824 4122 948 4187 llosicis,
975 4119 1023 4172 alii
1041 4121 1099 4173 vivi
1117 4120 1190 4187 capti
1207 4131 1283 4191 sunt,
1303 4124 1375 4179 simi.
