2834 4750
253 291 301 367 te
550 294 772 382 untalans
799 291 1059 368 amittetis
1089 285 1097 299 “

250 451 396 536 ὅμαίμων
429 453 516 531 ἐκτὸς
537 455 620 522 ναοιῖ
630 510 639 542 ,
668 455 862 539 καὶγίνεται
894 459 1044 542 συμφυΐα
1073 453 1129 518 καί
1160 447 1361 534 άλληλουχία
1399 476 1400 553 ρ

249 548 355 640 ὥσπερ
381 555 438 620 τοῦ
459 547 592 638 αἳματος
614 552 695 623 οὕτω
718 556 756 642 δη
780 558 834 622 καί
857 561 911 642 τῆς
932 559 1011 622 κατά
1026 553 1083 640 την
1105 553 1271 637 βασιλείαν
1291 569 1363 610 νισι-
1399 556 1400 593 l

250 658 381 738 νεανικῆς
402 657 586 737 διαθέσεως,
608 663 664 725 καί
685 657 918 743 ατίτοκράτορες
946 651 1046 742 άμφω
1063 655 1253 736 θαυμασίως
1277 649 1364 713 άνα-

251 755 444 838 μορεάονται.
465 760 521 822 καί
539 757 655 842 χρόνον
677 757 746 824 τινά
776 762 818 823 δι’
837 755 964 823 ιἓαυτοάν
985 750 1140 822 ι’θάνασαι
1163 750 1221 836 την
1241 750 1363 835 άρχὴν,
1400 796 1401 823 ;

130 851 502 940 a.1042,rp⁰co‘nepopr'or
534 860 767 924 α’νακαλοῦνται
801 864 1040 924 Κωνσταντῖνον
1069 858 1124 921 τὸν
1148 849 1385 933 Μονομάχον,5

131 933 510 1040 12’Μ’ἀριστοκρατικὸν
526 951 630 1042 άνδρσ
649 964 705 1026 κατ’
719 963 851 1042 θρέμμα
871 963 926 1041 τῆς
937 957 1067 1039 πόλεως,
1083 954 1221 1021 άποτιτον
1234 957 1271 1018 δὲ
1283 946 1362 1019 ὄντα

252 1054 306 1124 διὰ
319 1057 377 1141 τήν
395 1062 509 1143 α’ρχὴν,
532 1062 586 1126 καί
598 1058 651 1126 διά
674 1063 765 1126 τοῦτο
777 1062 863 1144 παρά
885 1063 946 1126 τῶν
964 1060 1071 1143 πριάην
1083 1057 1279 1140 κρατούντων
1292 1079 1363 1139 φυ-

250 1159 473 1241 μαδευάμενον.
517 1160 573 1224 καί
591 1170 784 1244 παραχωρεῖ
801 1162 897 1226 πάλιν
915 1165 969 1244 τῆς
992 1163 1146 1244 συζυγίας
1167 1157 1187 1243 ἦ
1205 1152 1363 1238 Θεοδιάρα

251 1261 291 1344 τῇ
313 1256 500 1346 αιίεαδελφῇ
513 1263 601 1346 Ζουῇ,
624 1261 678 1326 καί
698 1260 753 1326 τὸν
781 1255 886 1345 άζυγα
907 1264 977 1342 βιόν
1000 1259 1147 1344 αἱρεῖται,
1163 1254 1205 1323 ’ὃν
1226 1260 1261 1322 ἐκ
1284 1255 1361 1320 παί-

251 1357 316 1421 δων
339 1355 395 1422 καί
412 1363 511 1441 μέχρι
533 1360 638 1442 νηρως
661 1364 716 1444 τῆς
742 1359 880 1447 ἐσχάτης
901 1362 1023 1446 ἡμέρας
1044 1360 1219 1445 ἐξήσκησεν.
1373 1363 1397 1414 ¹⁰

353 1457 640 1542 Ειίερηετικοότερος
670 1463 706 1526 δὲ
726 1464 783 1526 τοῦ
801 1457 1128 1544 προβεβασιλευκάτος
1157 1455 1173 1520 ὅ
1201 1458 1362 1537 Μονομά-

251 1579 311 1640 χος
332 1557 547 1640 άποδειχθείς,
573 1559 627 1624 καί
646 1560 764 1637 πάντας
785 1561 900 1644 σχεδὸν
924 1566 1099 1642 βασιλικοῖς
1126 1556 1286 1638 ἀξιώμασι
1308 1556 1366 1620 καί
1404 1634 1405 1637 ¹

245 1656 423 1740 ἱδωρήμασι
448 1661 626 1742 φιλοτίμοις
649 1659 885 1745 άποσεμνάνας,
908 1663 1050 1745 η’γάθυνε
1069 1659 1102 1726 τὸ
1125 1656 1280 1743 ὑπήκοον·
1308 1661 1362 1734 ἐξ·

254 1758 370 1841 αι’φνης
393 1759 429 1822 δὲ
451 1761 544 1844 νέφος
578 1763 612 1824 ἐκ
635 1765 689 1847 τῆς
707 1756 845 1844 ἑσπέρας
876 1767 1029 1847 ε’γειρεται
1049 1757 1188 1845 τετριγός
1209 1757 1264 1822 καί
1283 1757 1361 1822 άλὲ-

254 1859 349 1940 θριον
379 1855 433 1922 καί
464 1865 684 1944 πανωλεθρίαι
709 1864 804 1949 ἀὐτῷ
835 1867 891 1928 καί
920 1866 976 1946 τῆς
1004 1859 1170 1944 βασιλείας
1202 1858 1397 1924 dubiamve

255 1955 429 2044 άπειλοῦν,
452 1959 533 2043 α’νὴρ
563 1961 746 2046 αἱμοχαρης
774 1962 829 2030 καί
846 1971 1008 2046 γενναῖος,
1028 1958 1047 2027 ’ά
1069 1958 1362 2046 προμνημονευθείς
1406 1950 1407 2005 l

255 2058 288 2122 Γ
285 2055 436 2143 εοάργιος,
470 2051 690 2148 ᾧΜανιάκης
723 2063 907 2145 ε’πάνυμον,
936 2066 971 2127 ἐκ
1000 2063 1056 2146 τῆς
1074 2061 1228 2143 Ἰταλικῆς
1256 2059 1362 2143 dogit

257 2156 438 2236 ἐπαναστάς
458 2158 539 2241 μετά
566 2165 627 2229 τάν
654 2165 755 2230 εἰιεῖσε
783 2164 942 2229 συνόντων
969 2162 1172 2248 στρατιωτῶν
1187 2160 1362 2241 Ῥωμαίων
1407 2156 1408 2165 ’

200 2322 212 2343 ⁰
256 2255 313 2323 καί
338 2257 517 2343 Ἀλβανῶν,
556 2260 611 2326 διά
641 2263 821 2347 παρόρασιν
853 2267 912 2329 τοῦ
941 2264 1096 2348 βασιλέως
1125 2260 1274 2335 άνιαθείς
1304 2262 1360 2323 καί

256 2365 520 2445 προηγησαμένοις
544 2360 668 2448 ἔχθρας
681 2369 749 2444 μετ’
771 2363 873 2430 nitori
893 2365 1016 2440 δεδιάς.
1059 2367 1115 2429 καί
1132 2360 1173 2427 τά
1189 2361 1249 2444 μὲν
1264 2354 1399 2425 toruior

256 2462 320 2525 τοῖν
349 2464 611 2547 συναντησάντων
637 2464 865 2548 στρατεύματα
893 2467 1086 2551 συνετάραξε
1114 2467 1169 2529 καί
1196 2464 1364 2542 κατέβαλε,

256 2558 316 2643 πρά
352 2558 409 2623 δύο
436 2563 472 2625 dt
499 2564 556 2645 τῆς
590 2564 824 2648 Θεσσαλονίκης
854 2567 983 2651 ἡμερῶν
1010 2555 1364 2651 στρατοπεδευσάμενος

256 2657 332 2744 aopi
352 2657 457 2746 δείλην
481 2661 581 2744 ὀψίαν
603 2660 796 2748 προσβάλλει
823 2667 867 2752 τῷ
890 2669 1029 2753 μεγίστῳ
1047 2665 1202 2749 βασιλικῷ
1220 2681 1363 2745 στρατο-

330 2822 372 2875 11.
396 2819 649 2896 είεργετικαίτατος
666 2804 696 2879 C.

257 2998 302 3038 sus
323 2986 466 3053 reciperet,
487 2988 580 3039 eodem
607 2990 736 3041 convenit
755 2990 834 3040 etiam
862 3004 939 3041 soror
964 2996 1040 3041 extra
1065 2987 1206 3054 templum:
1231 2992 1259 3037 et
1276 2986 1376 3055 oritur,

257 3058 411 3111 coniunctio
439 3066 466 3111 et
494 3062 631 3112 concretio
657 3067 727 3113 sicut
750 3061 888 3128 sanguinis
914 3062 951 3111 ita
971 3063 1049 3112 etiam
1074 3060 1243 3111 consociatae
1262 3059 1289 3108 in
1310 3060 1364 3107 irn-

255 3130 333 3197 perio
352 3129 477 3181 rationis:
498 3139 525 3182 et
542 3131 664 3183 dominae
683 3131 776 3205 ambae
793 3133 860 3183 mire
879 3132 1057 3194 declarantur,
1077 3138 1104 3181 et
1121 3146 1169 3197 per
1186 3138 1289 3195 tempus
1308 3126 1365 3179 ali.

257 3200 328 3268 quod
346 3215 395 3265 per
415 3216 444 3252 se
464 3210 590 3269 regentes
609 3204 749 3269 imperium
768 3218 802 3255 ex
821 3203 916 3255 exsilio
937 3210 1067 3255 revocant
1082 3201 1284 3255 Constantinum
1302 3201 1365 3251 lio-

256 3270 424 3333 nomacbum‚
440 3272 526 3323 virum
545 3288 578 3324 ex
598 3275 753 3340 optimatum
768 3289 869 3341 genere
888 3283 915 3325 et
931 3275 1083 3343 indigenam
1105 3272 1187 3334 urbis,
1209 3280 1366 3337 suspectum

259 3348 348 3392 autem
366 3340 473 3407 imperii
493 3346 651 3409 capessendi
670 3353 697 3395 ct
717 3354 860 3411 propterca
878 3345 956 3396 abiis
976 3346 1022 3413 qui
1038 3351 1117 3396 antea
1135 3341 1291 3411 regnabant,
1314 3358 1364 3393 ex-

257 3411 372 3480 pulsum:
412 3420 491 3481 atque
511 3413 582 3465 cedit
600 3431 691 3467 rursus
715 3432 748 3466 ex
766 3418 956 3468 coniunctione
982 3416 1119 3467 Theodora
1137 3414 1225 3465 sorori
1242 3413 1317 3465 Zoae
1337 3421 1367 3463 et

258 3482 404 3536 solitariam
429 3485 511 3536 vitam
538 3485 630 3555 eligit,
651 3502 729 3554 quarn
747 3501 762 3537 a
779 3488 872 3553 primis
894 3487 970 3539 annis
990 3496 1017 3539 et
1037 3502 1121 3553 usque
1143 3485 1177 3537 ad
1196 3492 1366 3536 senectutem

259 3555 313 3607 diei
332 3557 451 3625 supremi
472 3559 600 3609 exercuit.

329 3626 577 3680 Beneficentissime
597 3636 684 3680 autem
700 3644 766 3696 prae
780 3631 920 3696 superiore
932 3645 997 3697 rege
1011 3626 1198 3682 llonomaclrus
1215 3642 1245 3677 se
1265 3641 1366 3694 gerens

259 3706 286 3749 et
304 3710 395 3749 omnes
410 3699 468 3750 iere
486 3700 569 3767 regiis
581 3700 753 3767 dignitatibus
765 3709 791 3751 et
810 3699 886 3752 donis
899 3700 1056 3752 liberalibus
1075 3715 1172 3751 ornans
1187 3698 1279 3750 beavit
1298 3697 1366 3748 sub-

257 3769 352 3819 iectos.
371 3771 491 3834 protinus
511 3779 598 3822 autern
611 3771 696 3823 nubes
717 3787 751 3821 ex
764 3772 904 3823 occidente
924 3774 1055 3825 excitatur
1070 3771 1185 3823 stridens
1205 3778 1232 3820 et
1251 3769 1365 3820 exitiosa

210 3846 287 3889 -.et
309 3838 480 3891 miserrimam
510 3844 548 3891 ei
561 3850 641 3909 atque
665 3842 743 3909 regni
769 3842 951 3909 expulsionem
981 3844 1114 3894 minitans.
1161 3842 1203 3892 vir
1231 3841 1365 3907 sanguine

258 3908 378 3977 gaudens
398 3918 425 3961 et
442 3910 563 3979 nobilis,
590 3920 669 3965 antea
696 3922 915 3967 commemoratus
937 3914 1068 3983 Georgius
1092 3915 1136 3965 cui
1157 3910 1294 3965 blaniakcs
1315 3926 1364 3960 co.

257 3993 374 4103 fideman
394 3996 427 4031 ex
445 3980 539 4032 Italico
561 4000 645 4052 regno
671 4000 792 4049 exorsus,
812 4002 870 4037 curn
891 3988 924 4039 iis
943 3987 988 4053 qui
1006 3986 1044 4037 ibi
1064 3985 1088 4035 ei
1108 3986 1219 4037 aderant
1234 3980 1365 4033 militibus

283 4052 383 4103 omanis
410 4060 437 4103 et
461 4051 573 4105 Albanis
602 4055 771 4124 negligentia
798 4060 871 4126 regis
898 4058 1016 4109 ollcnsus
1043 4063 1071 4107 et
1089 4057 1192 4123 priores
1211 4054 1365 4105 inimicitias

258 4124 317 4174 eius
338 4130 475 4185 metuent,
500 4130 527 4173 ct
550 4124 670 4193 reliquos
692 4129 890 4179 occurrentium
908 4129 1041 4181 exereitus
1063 4126 1180 4178 turbavit
1200 4132 1227 4175 et
1245 4124 1365 4188 devicit;

258 4202 320 4251 onte
338 4193 554 4249 Thessalonicam
579 4202 668 4247 autem
688 4198 754 4251 duos
778 4199 836 4253 dies
862 4214 921 4251 cum
948 4206 1034 4251 castra
1057 4199 1202 4266 posuisset,
1221 4196 1294 4247 circa
1314 4211 1365 4248 ve-
