2834 4750
227 197 303 272 216
519 189 739 264 meadum
768 183 1033 261 annuam

225 361 321 456 ῥόλρ.
362 363 608 442 διαλάμπουσαν
630 359 692 445 γάρ
709 355 795 441 ἔχειν
814 355 873 440 τὴν
891 348 971 437 ow
989 346 1162 439 α’τράτθες
1185 356 1262 425 τοῖς
1284 350 1360 430 300·

225 464 365 549 θὴμασι,
384 461 459 536 τοός
480 459 673 546 όφθαλμοός
695 457 823 523 ε’δεόιινν
841 461 986 541 χαρίτων
1005 451 1175 535 μεστούς,
1189 450 1231 517 τό
1254 451 1360 532 μέλαν

225 557 363 646 dapum
382 559 501 640 ἔξωθεν
519 562 685 646 ἐπιτρέχων
704 555 970 632 όποδειννόοντας
985 555 1042 620 κατ’
1058 552 1192 630 κάλλος
1212 546 1361 636 άρριγτον

225 663 358 732 ἔνδοθεν
389 663 660 744 όποατιλβονταςλ,
695 659 753 746 τήν
772 685 808 726 τε
830 658 935 747 δφρόν
962 654 1359 741 άπεραιρομὲννγννδὰην

226 763 345 849 daldae
365 767 399 829 ἐν
420 759 515 852 όμοίρ
533 764 589 826 καί
610 758 799 850 άψεοδοόσγγ
818 762 923 848 βαφῇ,
943 760 999 822 καὶ
1019 754 1054 821 τό
1079 759 1247 836 μέτωπον
1272 775 1379 838 pay-5

224 865 370 952 γοβόλοις
395 861 576 956 προσεοικός
607 870 678 937 ταῖς
707 869 958 946 μαρμαρυγαῖς,
988 862 1045 924 sac*
1075 856 1143 939 τὴν
1165 848 1278 938 ἄλλην
1295 856 1357 917 τοῦ

225 966 397 1052 προσιόπον
428 968 623 1032 κατάστασιν
645 957 862 1047 ἀναλογοῦσαν
890 961 935 1050 τῷ
962 958 1074 1025 κάλλει
1105 961 1174 1021 κατ’
1197 957 1354 1039 δεύτερον

226 1061 316 1155 ἥλιον
336 1069 581 1154 χειροτονοῦσιν
601 1067 747 1149 ἐπίγειον.
788 1063 846 1128 ναί
858 1065 1022 1145 θεαθῆναι
1040 1064 1103 1141 μὲν
1125 1061 1285 1132 τοιοῦτος
1303 1049 1353 1138 ἦν,

95 1181 181 1240 22ss
189 1197 218 1242 τ.
228 1173 283 1236 καὶ
306 1177 444 1256 κρεῖττον
466 1161 545 1254 ἤπερ
570 1170 807 1252 ἐκπέφρασται·
856 1164 1006 1248 ὁμιλῆσαι
1036 1163 1074 1225 δὲ
1094 1163 1266 1226 τοσοῦτον
1287 1183 1352 1240 χα-

229 1271 387 1356 ρίειςταί
405 1262 547 1350 εόθομος
581 1271 635 1332 κατ’
654 1267 831 1349 περιδέξιος
857 1266 891 1341 ἐς
920 1264 959 1328 τά
980 1259 1128 1345 μάλιστα
1150 1261 1203 1338 τός
1227 1261 1385 1342 Σειρῆὲςς

226 1395 283 1448 νας
302 1374 474 1454 μιμεῖσθαι
495 1369 571 1446 τοός
592 1369 756 1456 φθόγγους
789 1367 913 1448 calcari,
933 1364 1055 1439 πάντας
1079 1365 1246 1436 ἕλκοντας
1266 1361 1350 1444 πρός

226 1470 393 1556 άιιρόασιν,
415 1475 470 1536 ιιαό
490 1475 553 1536 τεόν
575 1468 655 1536 οἴκοι
675 1473 845 1545 ποιοῦντας
873 1466 1155 1533 ἐπιλανθάνεσθαι
1176 1464 1244 1528 νιαί
1258 1460 1348 1551 μόνα

225 1573 434 1653 προσανέχειν
453 1564 550 1660 αότῷ.
594 1565 696 1644 οότως
718 1569 753 1633 ἔνι
773 1564 898 1653 πρώτης
926 1563 1096 1644 ἐντεύξεως
1127 1561 1244 1630 ἅπασι
1266 1588 1348 1646 σχε-

226 1667 284 1736 δόν
305 1671 405 1746 πόθος
425 1673 482 1735 τοῦ
502 1673 661 1752 βασιλέως
674 1673 857 1754 ἐνέσκηψεν,
878 1667 919 1731 οό
939 1665 1037 1749 μόνον
1053 1662 1240 1747 Ῥωμαίοις
1262 1663 1345 1766 α’λλά

225 1773 281 1836 καί
298 1769 407 1848 αότοϊς
432 1780 499 1849 τοῖς
521 1775 674 1847 ἐναντίοις
694 1769 751 1835 καί
771 1766 1015 1852 μαχιμωτάτοις
1038 1764 1194 1851 άνδράσι,
1221 1769 1282 1831 ιιαί
1304 1767 1380 1845 ὡνςς

224 1867 244 1960 ἦ
266 1877 379 1958 πρᾶξις
401 1879 463 1940 τεόν
485 1870 690 1959 α’γριιοτότοον
712 1876 838 1958 θηρίων
858 1870 916 1935 οόιι
935 1863 1066 1956 άποδεῖ·
1092 1871 1246 1934 αἰδεῖται
1261 1867 1344 1952 γάρ,

224 1979 331 2063 φησίν,
354 1971 469 2061 άριιὴν
501 1979 557 2041 καί
585 1977 744 2056 πολέμιος.
789 1971 818 2038 οἱ
842 1975 878 2038 δὲ
898 1976 956 2038 oria
984 1974 1069 2038 αἰδοό
1098 1973 1204 2052 μόνον
1232 1967 1344 2052 ἔσχον,

224 2074 307 2140 ἄλλό
328 2075 383 2141 aar*
406 2072 505 2164 φόβον
539 2080 594 2143 καί
614 2073 714 2141 πόθον
743 2079 799 2160 τῆς
829 2077 888 2141 aad
918 2071 1144 2158 βασιλεύοντος
1165 2072 1344 2146 θεοειδοός

167 2223 175 2236 .
224 2173 422 2257 άναβόσεως.

198 2279 205 2296 ’
320 2275 407 2343 Ἀλλ’
430 2277 446 2344 ό
465 2282 524 2361 μὲν
545 2280 621 2364 περὶ
648 2284 705 2344 τοῦ
725 2276 859 2363 κρότους
888 2274 991 2341 αότοό
1009 2276 1100 2360 λόγος
1121 2273 1377 2356 άναμεινάτωνο

223 2378 357 2465 μικρόν·
411 2382 481 2445 ἐπεὶ
513 2383 548 2447 dd
569 2385 726 2467 περὶτῆς
758 2382 815 2446 τοῦ
836 2384 946 2464 γόνονς
965 2375 1067 2443 ednod
1088 2375 1339 2461 μεγαλειότητος
1406 2413 1408 2432 r

223 2478 478 2567 δαεμνήσθημεν,
497 2482 605 2569 βραχύ
624 2505 655 2547 τι
677 2482 754 2567 περὶ
769 2479 882 2547 τοότον
905 2478 1137 2561 διαλεξόμεθα,
1151 2480 1207 2541 ἵνα
1229 2480 1334 2561 γνοόσι

223 2582 336 2659 πάντες
358 2584 433 2649 οἵαν
455 2585 541 2671 αοίᾦ
563 2588 626 2651 τιόν
650 2586 814 2670 προγόνων
836 2576 936 2649 όντων
959 2582 1009 2666 Ιεἰς
1034 2579 1250 2666 περιφάνειαν
1273 2578 1337 2643 α’ν-
1406 2571 1408 2606 ¹

222 2884 318 2938 llarum
338 2882 444 2955 plenos,
461 2882 591 2955 integram
612 2885 748 2955 nigritiam
766 2886 931 2940 extrinsecus
952 2874 1158 2955 circumductum
1177 2889 1332 2955 ostenden.

221 2962 274 3021 tes,
295 2962 321 3008 et
338 2954 562 3024 pulchritudinem
580 2958 788 3010 inenarrabilem
812 2960 882 3011 intus
902 2957 1077 3028 effulgentes,
1103 2968 1183 3028 atque
1201 2965 1332 3029 anparai.

222 3026 288 3091 lium
306 3042 464 3096 suspensum
480 3043 600 3081 camerae
617 3032 700 3083 instar
717 3031 745 3080 in
762 3029 868 3098 aequali
884 3030 1045 3082 etinlucata
1056 3032 1182 3096 tinctura,
1202 3041 1231 3084 et
1249 3033 1331 3085 fron.

222 3106 275 3153 tem
296 3099 441 3167 splendidis
461 3100 574 3153 similem
596 3100 756 3164 luminibus,
783 3108 810 3151 et
836 3102 971 3171 reliquum
996 3102 1050 3153 oris
1072 3101 1190 3156 babilam
1209 3120 1330 3171 respon.

223 3172 329 3225 dentem
347 3170 539 3240 pulchritudini
559 3179 586 3223 et
604 3175 649 3241 qui
668 3170 781 3223 alterum
800 3171 884 3224 solem
901 3182 1037 3225 terrenum
1056 3175 1223 3226 extenderet.
1245 3185 1329 3245 atque

222 3242 351 3311 adspectu
377 3244 483 3311 quidam
505 3240 567 3295 talis
595 3251 666 3307 erat,
688 3251 715 3294 et
739 3242 852 3294 meliore
868 3246 973 3296 ratione
1001 3259 1079 3311 quem
1099 3254 1250 3298 enarratum
1272 3257 1330 3300 estc

222 3328 273 3368 nau
293 3321 381 3367 aulem
402 3322 454 3366 tam
473 3314 563 3366 suavis
583 3322 609 3365 et
625 3313 776 3368 benevolus
796 3321 823 3365 et
840 3315 933 3367 dexter
953 3316 1076 3380 maxime,
1095 3327 1126 3370 ut
1139 3318 1245 3369 sirenes
1263 3320 1329 3369 imi.

221 3391 342 3439 iurantur
363 3386 420 3436 eius
438 3398 536 3448 voces,
556 3386 692 3437 trahentes
718 3400 810 3437 omnes
836 3387 869 3437 ad
888 3386 1062 3451 audiendum,
1084 3396 1110 3439 et
1123 3388 1283 3443 efficientes
1302 3398 1330 3442 at

223 3457 450 3512 obliviscerentur
468 3456 509 3507 rai
528 3456 691 3511 domesticae
718 3464 746 3507 et
762 3456 814 3508 soli
834 3459 927 3509 attenti
947 3465 1038 3510 essent
1055 3459 1097 3510 ci:
1122 3461 1161 3511 ita
1180 3476 1216 3510 ex
1241 3463 1327 3528 primo

223 3544 355 3583 concursu
383 3527 504 3581 omnibus
535 3528 592 3579 lere
617 3528 781 3581 desiderium
800 3530 874 3596 regia
899 3530 1011 3581 obvenit
1028 3544 1082 3581 noa
1100 3531 1187 3584 solum
1208 3532 1327 3596 Graecia,

222 3601 271 3669 aad
296 3600 374 3653 etiam
403 3600 468 3668 ipsis
494 3599 655 3652 adversariis
683 3607 709 3650 et
728 3599 932 3665 pugnacissimis
955 3601 1038 3665 viris,
1067 3610 1094 3654 et
1123 3618 1239 3670 quorum
1256 3606 1325 3656 actio

220 3687 276 3725 nou
298 3672 374 3726 abest
394 3671 522 3729 abortiis
549 3670 742 3723 ferocissimis:
767 3677 878 3722 veretur
901 3673 986 3736 enim,
1011 3680 1040 3723 ut
1058 3672 1107 3724 ille
1125 3675 1179 3737 ait,
1199 3675 1327 3728 virtutem

221 3744 267 3797 val
290 3743 394 3797 bostis:
422 3742 464 3795 illi
489 3751 577 3794 autem
601 3756 656 3794 aon
681 3742 869 3794 verecundiam
898 3744 983 3796 solum
1011 3742 1153 3809 babebaat,
1180 3747 1326 3799 sedetiam

220 3820 320 3867 malum
340 3821 367 3867 et
384 3814 545 3869 desiderium
565 3814 649 3867 divini
667 3828 796 3867 ascensus
814 3816 970 3882 regnantia:
995 3815 1042 3867 sad
1066 3830 1158 3870 sermo*
1174 3818 1208 3870 de
1227 3827 1326 3887 poten-

222 3885 260 3936 tia
280 3886 337 3939 aius
354 3884 461 3953 paulum
481 3885 599 3940 desistat.
1111 3902 1116 3911 ¹

324 3970 389 4025 (ium
408 3980 500 4025 autem¹
511 3974 719 4042 magnitudinem
737 3976 846 4045 generis
867 3976 925 4027 eiua
944 3978 1221 4042 commemoravimus,
1241 3992 1325 4046 panca

223 4040 351 4113 quaedam
370 4043 408 4119 de¹
422 4041 473 4094 boc
494 4044 620 4111 dicamus,
641 4055 670 4099 ut
690 4055 854 4116 cognoscant
872 4061 984 4113 omnes,
1004 4056 1145 4117 quantum,
1165 4065 1224 4101 cnm
1255 4048 1323 4100 tales
1404 4090 1408 4106 ,,

223 4115 249 4168 el
268 4120 358 4169 assent
376 4112 502 4180 maiorer,
521 4116 553 4169 de
572 4117 717 4185 splendore
736 4121 841 4175 virtutis
858 4126 885 4173 et
901 4118 1006 4186 gloriae
1024 4118 1069 4173 bic
1089 4122 1135 4175 aas
1155 4121 1323 4189 superaverit
