2834 4750
234 240 309 319 286
528 239 746 314 monimo
774 232 1033 313 mitioris

229 410 379 485 α’πονοέας
399 404 564 494 σφαλῆναι
582 409 659 489 περὶ
677 405 715 471 τό
740 402 949 487 καιριώτατα.
1002 396 1041 487 ἦν
1067 405 1104 469 δὲ
1129 401 1148 466 ό
1174 400 1352 486 Βρυέννιος
1405 476 1406 479 ¹

229 514 346 585 έκελνος
368 508 385 571 ό
408 510 522 594 φυσῶν
543 507 583 571 τό
606 506 796 590 μεγάλαυχα
818 505 874 570 καί
894 508 1022 590 κινῆσαι
1043 501 1104 586 την
1125 505 1191 587 νῆν
1216 504 1278 567 καὶ
1298 501 1352 583 την
1375 578 1378 584 ¹
1405 494 1406 563 i

226 608 394 673 θόλασσαν
427 606 578 672 ιῖπειλῶν.
639 607 751 688 α’μέλει
772 630 821 671 τοι
858 607 913 671 καί
947 604 1285 687 καταστρατηγηθείς
1312 600 1353 686 τῷ
1405 654 1406 689 ᾗ

227 709 324 794 θυμῷ
344 709 401 790 τῆς
420 708 714 791 Ἀόριανουπόλεως
736 704 833 781 ἔξεισι
845 702 1028 789 σόνπολλῇ
1049 705 1087 790 τῇ
1100 708 1166 791 βοῇ
1179 704 1242 765 καί
1260 699 1352 779 ἔξόλ·
1405 716 1406 783 q

226 831 316 889 μανι,
338 810 394 872 καί
412 805 470 883 τός
492 806 644 888 δυνόμεις
669 807 802 884 ε’κτόξας
823 805 902 871 κατό
926 808 986 871 τοῦ
1003 809 1168 886 βασιλέως
1195 808 1369 883 &opopa-t
1405 794 1406 805 ¹

227 910 297 990 χῶν
324 903 502 993 έπορεόετο.
558 902 697 980 ἄκοόσας
730 907 766 971 δὲ
796 908 872 990 περὶ
900 904 1020 971 τούτων
1056 904 1073 967 ό
1103 901 1272 986 βασιλεός
1297 904 1349 985 τῆς
1405 920 1406 925 ’

228 1001 382 1089 όβσυλιάς
409 1004 506 1073 αότόν
534 1004 698 1084 ε’ταλόνιζε
728 1005 782 1071 καί
804 1010 864 1070 τοῦ
892 1004 1016 1079 πόθους
1048 992 1205 1091 ᾤκτειρε,
1231 1004 1291 1065 καί
1308 1001 1347 1075 ιός

226 1106 382 1193 μεμηνότι
405 1108 461 1173 καὶ
478 1108 725 1191 κορυβαντιῶντι
755 1109 870 1190 σαφῶς
897 1105 1067 1191 φόρμακον
1090 1106 1193 1187 ἐπῆγε
1218 1106 1277 1186 τῆς
1296 1103 1346 1167 νό-
1405 1132 1406 1204 p

227 1228 287 1273 σου
311 1206 528 1293 ἀλεξητήριον.
572 1211 607 1271 τό
624 1208 660 1270 δὲ
682 1209 776 1271 τοῦτο
799 1199 855 1289 η’νς
878 1206 966 1292 τρίτη
981 1208 1135 1289 πρεσβεία
1157 1204 1223 1286 τήν
1246 1201 1346 1285 ὁρμὴν
1405 1214 1406 1289 i

230 1310 290 1371 soti
310 1314 451 1389 πολέμου
474 1310 683 1392 όπεόρχουσα.
726 1313 874 1394 πέπομφε
894 1307 955 1392 γὰρ
978 1304 1033 1371 ἕνα
1055 1308 1116 1369 τῶν
1139 1300 1378 1370 πιστοτάτανλλ

228 1411 334 1499 scirpi,
365 1412 421 1474 καὶ
439 1412 539 1475 εἰπεῖν
569 1413 624 1473 καί
643 1411 778 1474 οἰκοῦσαι
812 1406 1072 1489 πεπαιδευμένον,
1095 1406 1151 1470 καί
1173 1413 1298 1487 πεῖραν
1317 1406 1347 1469 ἓν

229 1516 295 1584 τοῖς
315 1508 471 1584 τοιαότοις
496 1507 531 1573 ἐκ
560 1512 701 1583 πλείονος
728 1505 859 1590 ἔχοντα,
885 1506 1047 1589 Ῥαμανόν
1075 1503 1347 1591 πρωτοιιρόεδρον
1405 1546 1406 1577 ;

228 1610 284 1673 καὶ
300 1614 400 1692 μέγαν
419 1603 653 1693 ἓνοιρειόρχην.
707 1605 744 1685 dg
767 1612 821 1674 κατ’
844 1611 1075 1696 ἀφικνούμενος
1102 1606 1187 1690 πρός
1211 1606 1271 1671 τόν
1291 1604 1346 1672 τό·

118 1749 123 1757 ·
230 1711 344 1795 ραννεν
365 1708 422 1773 οὐκ
442 1708 542 1784 εόθός
565 1712 684 1795 ἐδέχθη
706 1710 752 1785 ῶς
771 1712 975 1793 ἒκβασιλὲιυς
990 1705 1272 1789 ἀποστελλόμενος
1292 1711 1346 1771 καί

228 1810 322 1894 λόγου
345 1810 468 1895 ἤξιῶθη
490 1809 571 1875 κατὰ
592 1810 627 1876 τό
650 1808 789 1896 σόνηθες
811 1820 876 1887 τοῖς
898 1813 1160 1895 στρατευομένοις
1181 1813 1264 1892 περὶ
1282 1807 1340 1882 τός
1352 1825 1374 1875 1⁵

227 1906 409 1996 όπαιθρους
441 1910 578 1997 σκηνάς,
609 1913 679 1976 ἀλλ’
699 1914 734 1977 ἐκ
760 1909 980 1996 διαστήματος
998 1906 1121 1995 ἡμέρας
1143 1908 1208 1973 τοῦ
1231 1908 1344 1995 πρόσω

227 2014 372 2095 βαδίζειν
404 2011 560 2089 κωλυθεὶς
587 2014 661 2093 μεθ’
689 2011 811 2097 ἡμέρας
836 2009 924 2087 τινός
944 2013 1156 2098 μετεπέμφθη
1186 2008 1269 2093 πρός
1289 2006 1343 2093 την

228 2110 392 2199 έροότησιν.
434 2111 554 2191 ἔξωθεν
574 2115 609 2178 di
631 2115 801 2194 δεξόμενος
822 2116 935 2178 τοῦτον
960 2110 1098 2198 ἔφιππος
1121 2111 1137 2175 ό
1163 2114 1343 2195 Βρυὲννιος
1405 2124 1406 2143 ³

229 2211 325 2289 πεζόν
348 2208 442 2294 εἶδεν,
465 2217 501 2279 έν
524 2215 681 2289 α’κόνθαις
700 2211 873 2297 ἱστάμενον
896 2212 950 2278 καί
972 2211 1060 2297 παρὰ
1079 2216 1141 2277 τῶν
1165 2214 1252 2296 ἄμφ’
1276 2213 1340 2275 αό-
1405 2238 1406 2289 χ

227 2308 283 2378 τόν
314 2314 629 2399 κατειρωνευόμενον.
683 2318 796 2402 μηκέτι
827 2319 863 2381 δέ
890 2314 947 2392 τός
973 2314 1141 2400 ’,συνθήκας
1166 2309 1375 2395 δεξόμενοςλλ

230 2413 352 2496 ἅττ’μας
371 2418 482 2482 τοῦτον
504 2417 701 2500 α’πέπεμφεν,
725 2413 801 2500 όπερ
825 2421 893 2483 odd’
915 2420 961 2493 εἰς
985 2415 1146 2500 ἐθνάρχου
1165 2413 1231 2480 τῶν
1252 2413 1340 2477 τότε·
1405 2435 1406 2486 ι

228 2520 388 2601 λεσεὲραν
408 2522 550 2601 πρέσβυν
571 2521 666 2598 νόμος
687 2525 754 2594 τοῖς
774 2512 901 2603 όληθῶς
915 2521 1083 2600 βασιλεῦσι
1106 2523 1229 2580 ποιεῖν·
1250 2512 1341 2596 ἱερόν

138 2626 141 2630 ’
228 2611 290 2700 reip
306 2619 401 2699 σῶμα
422 2618 439 2681 ό
463 2621 603 2704 πρέσβυς
625 2618 815 2705 λελόγισται,
836 2614 889 2686 οἷα
912 2619 1184 2701 εοῖςοῖντιθέτοις,
1206 2619 1340 2700 μεσότης
1405 2643 1406 2664 t

229 2930 284 2974 tem
302 2920 455 2989 Bryennins
478 2923 527 2975 iile
554 2926 599 2994 qui
617 2926 732 2994 spiraret
760 2927 874 2996 superba
900 2934 927 2978 et
950 2939 1062 2979 movere
1091 2933 1196 2977 terram·
1215 2931 1244 2976 et
1267 2939 1342 2977 mare

230 2995 394 3047 minaretur:
414 3003 502 3047 tamen
520 2998 610 3049 rietus
635 3000 723 3051 animo
743 2998 917 3066 Adrianopoli
944 2999 1080 3066 egreditur
1099 3013 1158 3048 cum
1176 2996 1262 3048 multo
1283 2996 1343 3048 cla.

230 3081 306 3118 more
326 3075 353 3119 et
371 3066 450 3132 saltu,
470 3076 550 3136 atque
569 3070 642 3120 vires
662 3072 797 3135 instruens
822 3079 914 3122 contra
935 3083 1026 3138 regem
1052 3069 1159 3120 fortiter
1177 3069 1343 3134 proficisse.

230 3137 322 3190 batur:
342 3140 453 3191 audiens
472 3149 560 3191 autem
579 3141 646 3192 haec
664 3157 713 3192 rex
742 3149 851 3208 propter
869 3142 1120 3195 inconsiderantiam
1152 3147 1179 3190 et
1196 3140 1343 3206 perturba.
1405 3135 1406 3170 i

229 3210 331 3259 tionem
352 3227 411 3261 eum
428 3212 605 3263 miserabatur
626 3221 706 3280 atque
725 3221 754 3264 ut
774 3214 871 3265 furenti
892 3221 919 3264 et
939 3221 1013 3264 certe
1031 3211 1186 3278 perturbato
1198 3211 1343 3278 Coryban-

230 3287 285 3330 tum
304 3282 389 3334 instar
408 3283 552 3333 remedium
570 3283 714 3335 adhibebat
731 3284 851 3334 morbum
869 3301 973 3337 arcens.
1012 3283 1074 3352 qnid
1094 3283 1145 3334 boc
1166 3281 1244 3333 erat?
1263 3285 1344 3334 tertis
1405 3321 1406 3326 η

230 3349 332 3418 iegatio
351 3354 478 3420 impetum
497 3353 564 3406 belli
592 3356 722 3407 retinens.
761 3357 833 3408 misit
859 3357 927 3408 enim
956 3355 1086 3424 quendam
1105 3354 1297 3407 fidissimorum
1318 3362 1343 3404 ει
1405 3371 1406 3384 ¹

154 3423 156 3427 ’
231 3423 263 3474 ad
281 3423 422 3476 dicendum
436 3425 647 3493 audiendumque
663 3427 802 3478 educatum
819 3435 845 3478 et
859 3429 1052 3495 experientiam
1069 3423 1214 3477 in'talibus
1227 3427 1342 3476 maxime

211 3493 373 3546 ‘habentem
392 3496 539 3547 Romanurn
563 3499 676 3563 primum
701 3486 852 3564 praesidssm
876 3507 902 3550 et
928 3513 1052 3566 magnum
1076 3498 1201 3548 factionis
1228 3498 1341 3548 ducem:

232 3567 278 3633 qui
298 3568 403 3634 quidem
422 3568 568 3619 adveniens
584 3569 617 3619 ad
635 3576 787 3634 tyrannum,
807 3584 861 3620 non
876 3572 962 3621 statim
981 3575 1106 3635 acceptus
1121 3576 1171 3632 est,
1191 3575 1223 3618 ut
1240 3585 1256 3619 a
1276 3583 1341 3635 rege

230 3637 338 3704 missus,
356 3653 447 3706 neque
468 3638 606 3706 colloquio
625 3641 721 3708 dignus
741 3648 780 3691 est
810 3640 915 3692 habitus
936 3657 969 3693 ex
987 3655 1061 3692 more
1079 3638 1251 3690 militantium
1271 3641 1341 3691 eirca

231 3717 324 3774 aperto
342 3710 468 3774 tentoria,
489 3711 536 3761 sed
555 3725 570 3759 e
588 3713 675 3777 spatio
693 3713 747 3764 diei
770 3714 911 3779 quominus
930 3713 1089 3779 procederet
1106 3711 1261 3776 impeditus,
1283 3710 1340 3761 die.
1405 3766 1406 3780 ρ

230 3777 281 3830 bus
301 3781 440 3832 nonnullis
459 3788 520 3847 post
537 3785 681 3833 arcessitus
702 3791 743 3834 est
761 3783 793 3834 ad
817 3785 1064 3852 interrogationem.
1102 3783 1273 3833 extrinsecus
1293 3796 1341 3831 au.
1405 3809 1406 3812 =

231 3856 285 3900 tem
304 3853 441 3918 accipiens
460 3853 531 3903 hunc
560 3867 642 3921 eques
661 3853 815 3919 Bryeunius
840 3855 955 3922 peditem
984 3855 1051 3905 vidit
1078 3854 1106 3904 in
1125 3852 1248 3904 sentibus
1268 3859 1341 3904 nau.

232 3926 307 3984 tem,
337 3931 364 3974 et
384 3923 417 3974 ab
436 3923 470 3975 iis
489 3924 533 3990 qui
553 3927 624 3975 circa
644 3940 703 3974 eum
724 3932 816 3989 erant,
836 3927 972 3980 delusum:
990 3939 1079 3992 neque
1098 3925 1150 3975 iam
1169 3931 1250 3991 pacta
1268 3924 1340 3974 neci.
1405 3959 1406 3970 ,

233 3990 312 4056 piens
331 3995 445 4058 turpiter
472 3995 543 4045 buno
568 3996 682 4046 dimisit:
705 3998 735 4048 id
754 3996 826 4066 quod
853 4013 888 4048 ne
908 3997 935 4048 in
962 3997 1067 4048 vilioris
1087 3995 1193 4062 quidem
1214 3996 1341 4062 principis

233 4057 352 4126 tegetum
372 4065 553 4116 committendi
574 4081 631 4118 mos
651 4075 691 4118 est
710 4083 776 4119 vere
795 4068 984 4137 regnantibus:
1013 4074 1130 4120 sanctum
1154 4068 1225 4117 enim
1246 4079 1341 4133 corpus

232 4128 342 4217 legatas
365 4133 497 4200 babetur,
518 4143 643 4206 tanquam
660 4139 763 4193 medius
782 4141 852 4192 inter
871 4141 1024 4208 oppositos,
1044 4146 1071 4190 et
1087 4151 1182 4207 pacem
1200 4137 1297 4192 terens
1318 4143 1342 4190 et
