<?xml version="1.0" encoding="UTF-8"?>
<!DOCTYPE html PUBLIC "-//W3C//DTD XHTML 1.0 Transitional//EN"
    "http://www.w3.org/TR/xhtml1/DTD/xhtml1-transitional.dtd">
<html xmlns="http://www.w3.org/1999/xhtml" xml:lang="en" lang="en">
 <head>
  <title>
</title>
<meta http-equiv="Content-Type" content="text/html;charset=utf-8" />
  <meta name='ocr-system' content='tesseract 3.04.00' />
  <meta name='ocr-capabilities' content='ocr_page ocr_carea ocr_par ocr_line ocrx_word'/>
</head>
<body>
  <div class='ocr_page' id='page_1' title='image "./corpusscriptoru24theogoog/corpusscriptoru24theogoog_0205.png"; bbox 0 0 2834 4750; ppageno 0'>
   <div class='ocr_carea' id='block_1_1' title="bbox 49 250 1250 385">
    <p class='ocr_par' dir='ltr' id='par_1_1' title="bbox 49 250 1250 385">
     <span class='ocr_line' id='line_1_1' title="bbox 49 250 1250 385; baseline -0.001 -21"><span class='ocrx_word' id='word_1_1' title='bbox 49 301 92 364; x_wconf 85' lang='lat' dir='ltr'><strong><em>t.</em></strong></span> <span class='ocrx_word' id='word_1_2' title='bbox 331 375 335 385; x_wconf 58' lang='grc'><strong><em>,</em></strong></span> <span class='ocrx_word' id='word_1_3' title='bbox 399 299 443 334; x_wconf 85' lang='grc'><strong><em>-’</em></strong></span> <span class='ocrx_word' id='word_1_4' title='bbox 531 296 749 370; x_wconf 79' lang='lat' dir='ltr'>russeum</span> <span class='ocrx_word' id='word_1_5' title='bbox 871 310 876 322; x_wconf 52' lang='grc'><strong><em>«-</em></strong></span> <span class='ocrx_word' id='word_1_6' title='bbox 1109 287 1182 364; x_wconf 76' lang='lat' dir='ltr'>teo</span> <span class='ocrx_word' id='word_1_7' title='bbox 1242 250 1250 262; x_wconf 70' lang='grc'><em>’</em></span> 
     </span>
    </p>
   </div>
   <div class='ocr_carea' id='block_1_2' title="bbox 23 455 1325 2874">
    <p class='ocr_par' dir='ltr' id='par_1_2' title="bbox 62 455 1239 856">
     <span class='ocr_line' id='line_1_2' title="bbox 62 455 1186 550; baseline -0.009 -20"><span class='ocrx_word' id='word_1_8' title='bbox 62 467 237 549; x_wconf 84' lang='grc' dir='ltr'><strong><em>μίζουσιν,</em></strong></span> <span class='ocrx_word' id='word_1_9' title='bbox 261 463 294 528; x_wconf 70' lang='grc' dir='ltr'><strong><em>ἐν</em></strong></span> <span class='ocrx_word' id='word_1_10' title='bbox 314 463 357 549; x_wconf 75' lang='grc' dir='ltr'><strong><em>τῷ</em></strong></span> <span class='ocrx_word' id='word_1_11' title='bbox 375 463 433 528; x_wconf 80' lang='lat' dir='ltr'>rori</span> <span class='ocrx_word' id='word_1_12' title='bbox 446 465 709 546; x_wconf 83' lang='grc' dir='ltr'><strong><em>χρασοτρικλίνοο</em></strong></span> <span class='ocrx_word' id='word_1_13' title='bbox 732 463 882 550; x_wconf 78' lang='grc' dir='ltr'><strong><em>βασιλείῳ</em></strong></span> <span class='ocrx_word' id='word_1_14' title='bbox 895 459 1000 549; x_wconf 89' lang='grc' dir='ltr'><strong><em>θρόνῳ</em></strong></span> <span class='ocrx_word' id='word_1_15' title='bbox 1022 455 1186 541; x_wconf 51' lang='grc' dir='ltr'><strong><em>καθιθρόη</em></strong></span> 
     </span>
     <span class='ocr_line' id='line_1_3' title="bbox 67 555 1239 648; baseline -0.009 -16"><span class='ocrx_word' id='word_1_16' title='bbox 67 588 192 640; x_wconf 79' lang='grc' dir='ltr'><strong><em>σαντες</em></strong></span> <span class='ocrx_word' id='word_1_17' title='bbox 214 563 322 642; x_wconf 82' lang='grc' dir='ltr'><strong><em>αότόν,</em></strong></span> <span class='ocrx_word' id='word_1_18' title='bbox 343 564 399 629; x_wconf 88' lang='grc' dir='ltr'><strong><em>καί</em></strong></span> <span class='ocrx_word' id='word_1_19' title='bbox 421 560 479 647; x_wconf 92' lang='grc' dir='ltr'><strong><em>τήν</em></strong></span> <span class='ocrx_word' id='word_1_20' title='bbox 503 561 607 648; x_wconf 83' lang='grc' dir='ltr'><strong><em>α’ρχήν</em></strong></span> <span class='ocrx_word' id='word_1_21' title='bbox 630 567 843 647; x_wconf 74' lang='grc' dir='ltr'><strong><em>ἐγχειρίζουσι</em></strong></span> <span class='ocrx_word' id='word_1_22' title='bbox 862 560 1045 647; x_wconf 91' lang='grc' dir='ltr'><strong><em>μόναρχον·</em></strong></span> <span class='ocrx_word' id='word_1_23' title='bbox 1070 555 1128 641; x_wconf 87' lang='grc' dir='ltr'><strong><em>τήν</em></strong></span> <span class='ocrx_word' id='word_1_24' title='bbox 1148 579 1183 623; x_wconf 87' lang='grc' dir='ltr'><strong><em>τε</em></strong></span> <span class='ocrx_word' id='word_1_25' title='bbox 1232 562 1239 575; x_wconf 89' lang='grc'><em>’</em></span> 
     </span>
     <span class='ocr_line' id='line_1_4' title="bbox 67 659 1184 750; baseline -0.008 -20"><span class='ocrx_word' id='word_1_26' title='bbox 67 669 254 732; x_wconf 80' lang='grc' dir='ltr'><strong><em>δέσποιναν</em></strong></span> <span class='ocrx_word' id='word_1_27' title='bbox 274 667 329 730; x_wconf 89' lang='grc' dir='ltr'><strong><em>καί</em></strong></span> <span class='ocrx_word' id='word_1_28' title='bbox 346 665 466 750; x_wconf 78' lang='grc' dir='ltr'><strong><em>μητέρα</em></strong></span> <span class='ocrx_word' id='word_1_29' title='bbox 500 665 614 729; x_wconf 77' lang='grc' dir='ltr'><strong><em>τούτου</em></strong></span> <span class='ocrx_word' id='word_1_30' title='bbox 638 666 832 748; x_wconf 81' lang='grc' dir='ltr'><strong><em>καθαιροῦσι</em></strong></span> <span class='ocrx_word' id='word_1_31' title='bbox 852 661 942 743; x_wconf 83' lang='grc' dir='ltr'><strong><em>’μετόι</em></strong></span> <span class='ocrx_word' id='word_1_32' title='bbox 964 662 1110 746; x_wconf 75' lang='grc' dir='ltr'><strong><em>σφοδροῖς</em></strong></span> <span class='ocrx_word' id='word_1_33' title='bbox 1128 659 1184 742; x_wconf 84' lang='grc' dir='ltr'><strong><em>τής</em></strong></span> 
     </span>
     <span class='ocr_line' id='line_1_5' title="bbox 68 754 1186 856; baseline -0.009 -25"><span class='ocrx_word' id='word_1_34' title='bbox 68 764 252 853; x_wconf 75' lang='grc' dir='ltr'><strong><em>ἐπιφοραῖς,</em></strong></span> <span class='ocrx_word' id='word_1_35' title='bbox 272 759 341 832; x_wconf 81' lang='grc' dir='ltr'><strong><em>εἶτα</em></strong></span> <span class='ocrx_word' id='word_1_36' title='bbox 358 765 411 830; x_wconf 85' lang='grc' dir='ltr'><strong><em>καί</em></strong></span> <span class='ocrx_word' id='word_1_37' title='bbox 428 765 525 856; x_wconf 87' lang='grc' dir='ltr'><strong><em>πλοίῳ</em></strong></span> <span class='ocrx_word' id='word_1_38' title='bbox 538 764 736 852; x_wconf 76' lang='grc' dir='ltr'><strong><em>παραδόντες</em></strong></span> <span class='ocrx_word' id='word_1_39' title='bbox 756 760 923 847; x_wconf 72' lang='grc' dir='ltr'><strong><em>ὑπερόριον</em></strong></span> <span class='ocrx_word' id='word_1_40' title='bbox 942 762 1084 824; x_wconf 74' lang='grc' dir='ltr'><strong><em>τίθενται</em></strong></span> <span class='ocrx_word' id='word_1_41' title='bbox 1105 754 1186 824; x_wconf 86' lang='grc' dir='ltr'><strong><em>κατό</em></strong></span> 
     </span>
    </p>

    <p class='ocr_par' dir='ltr' id='par_1_3' title="bbox 35 856 1277 1348">
     <span class='ocr_line' id='line_1_6' title="bbox 35 856 1186 952; baseline -0.011 -19"><span class='ocrx_word' id='word_1_42' title='bbox 35 862 137 941; x_wconf 83' lang='grc' dir='ltr'><strong><em>5τόν</em></strong></span> <span class='ocrx_word' id='word_1_43' title='bbox 157 861 237 931; x_wconf 68' lang='lat' dir='ltr'>eicior</span> <span class='ocrx_word' id='word_1_44' title='bbox 262 862 429 951; x_wconf 84' lang='grc' dir='ltr'><strong><em>πορθμόν,</em></strong></span> <span class='ocrx_word' id='word_1_45' title='bbox 458 863 494 930; x_wconf 81' lang='grc' dir='ltr'><strong><em>ὃν</em></strong></span> <span class='ocrx_word' id='word_1_46' title='bbox 516 865 631 932; x_wconf 84' lang='grc' dir='ltr'><strong><em>Στενὸν</em></strong></span> <span class='ocrx_word' id='word_1_47' title='bbox 657 861 687 928; x_wconf 85' lang='grc' dir='ltr'><strong><em>οἱ</em></strong></span> <span class='ocrx_word' id='word_1_48' title='bbox 707 869 833 928; x_wconf 82' lang='grc' dir='ltr'><strong><em>πολῖται</em></strong></span> <span class='ocrx_word' id='word_1_49' title='bbox 856 856 1126 952; x_wconf 83' lang='grc' dir='ltr'><strong><em>κατονομόζουσιν</em></strong></span> <span class='ocrx_word' id='word_1_50' title='bbox 1152 859 1186 920; x_wconf 78' lang='grc' dir='ltr'><strong><em>ἐκ</em></strong></span> 
     </span>
     <span class='ocr_line' id='line_1_7' title="bbox 69 956 1277 1052; baseline -0.01 -20"><span class='ocrx_word' id='word_1_51' title='bbox 69 969 138 1050; x_wconf 80' lang='grc' dir='ltr'><strong><em>τῆς</em></strong></span> <span class='ocrx_word' id='word_1_52' title='bbox 160 966 292 1049; x_wconf 74' lang='grc' dir='ltr'><strong><em>θέσεως,</em></strong></span> <span class='ocrx_word' id='word_1_53' title='bbox 314 966 596 1052; x_wconf 80' lang='grc' dir='ltr'><strong><em>ἐγκαταστήσαντες</em></strong></span> <span class='ocrx_word' id='word_1_54' title='bbox 616 962 734 1050; x_wconf 79' lang='grc' dir='ltr'><strong><em>ταύτην</em></strong></span> <span class='ocrx_word' id='word_1_55' title='bbox 753 965 797 1051; x_wconf 77' lang='grc' dir='ltr'><strong><em>τῷ</em></strong></span> <span class='ocrx_word' id='word_1_56' title='bbox 820 970 895 1048; x_wconf 91' lang='grc' dir='ltr'><strong><em>παρ’</em></strong></span> <span class='ocrx_word' id='word_1_57' title='bbox 915 956 1185 1044; x_wconf 74' lang='grc' dir='ltr'><strong><em>αὐτῆςσυστόντι</em></strong></span> <span class='ocrx_word' id='word_1_58' title='bbox 1273 983 1277 990; x_wconf 88' lang='grc'><em>·</em></span> 
     </span>
     <span class='ocr_line' id='line_1_8' title="bbox 73 1062 1186 1156; baseline -0.007 -25"><span class='ocrx_word' id='word_1_59' title='bbox 73 1071 319 1156; x_wconf 79' lang='grc' dir='ltr'><strong><em>φροντιστηρίῳ</em></strong></span> <span class='ocrx_word' id='word_1_60' title='bbox 340 1067 393 1132; x_wconf 85' lang='grc' dir='ltr'><strong><em>καί</em></strong></span> <span class='ocrx_word' id='word_1_61' title='bbox 413 1073 570 1156; x_wconf 80' lang='grc' dir='ltr'><strong><em>λεγομένῳ</em></strong></span> <span class='ocrx_word' id='word_1_62' title='bbox 586 1068 787 1152; x_wconf 81' lang='grc' dir='ltr'><strong><em>Πιπεροόόη,</em></strong></span> <span class='ocrx_word' id='word_1_63' title='bbox 807 1065 1083 1152; x_wconf 80' lang='grc' dir='ltr'><strong><em>μελαμφοροόσαν</em></strong></span> <span class='ocrx_word' id='word_1_64' title='bbox 1099 1062 1186 1125; x_wconf 82' lang='grc' dir='ltr'><strong><em>,ε’πα-</em></strong></span> 
     </span>
     <span class='ocr_line' id='line_1_9' title="bbox 73 1163 1186 1254; baseline -0.007 -22"><span class='ocrx_word' id='word_1_65' title='bbox 73 1171 289 1247; x_wconf 82' lang='grc' dir='ltr'><strong><em>ποδείξαντες</em></strong></span> <span class='ocrx_word' id='word_1_66' title='bbox 310 1166 365 1232; x_wconf 85' lang='grc' dir='ltr'><strong><em>καί</em></strong></span> <span class='ocrx_word' id='word_1_67' title='bbox 385 1171 578 1252; x_wconf 81' lang='grc' dir='ltr'><strong><em>κεκαρμένην</em></strong></span> <span class='ocrx_word' id='word_1_68' title='bbox 598 1165 654 1244; x_wconf 85' lang='grc' dir='ltr'><strong><em>τός</em></strong></span> <span class='ocrx_word' id='word_1_69' title='bbox 675 1170 797 1253; x_wconf 79' lang='grc' dir='ltr'><strong><em>τρίχας,</em></strong></span> <span class='ocrx_word' id='word_1_70' title='bbox 820 1169 875 1232; x_wconf 86' lang='grc' dir='ltr'><strong><em>καί</em></strong></span> <span class='ocrx_word' id='word_1_71' title='bbox 902 1168 947 1254; x_wconf 74' lang='grc' dir='ltr'><strong><em>τρῖ</em></strong></span> <span class='ocrx_word' id='word_1_72' title='bbox 967 1163 1102 1248; x_wconf 86' lang='grc' dir='ltr'><strong><em>τόγματι</em></strong></span> <span class='ocrx_word' id='word_1_73' title='bbox 1122 1163 1186 1226; x_wconf 79' lang='grc' dir='ltr'><strong><em>τεόν</em></strong></span> 
     </span>
     <span class='ocr_line' id='line_1_10' title="bbox 72 1265 578 1348; baseline 0.002 -17"><span class='ocrx_word' id='word_1_74' title='bbox 72 1269 295 1348; x_wconf 74' lang='grc' dir='ltr'><strong><em>μοναζσυσοῖν</em></strong></span> <span class='ocrx_word' id='word_1_75' title='bbox 320 1265 578 1347; x_wconf 78' lang='grc' dir='ltr'><strong><em>καταζεύξαντες.</em></strong></span> 
     </span>
    </p>

    <p class='ocr_par' dir='ltr' id='par_1_4' title="bbox 23 1361 1325 1556">
     <span class='ocr_line' id='line_1_11' title="bbox 23 1361 1325 1453; baseline 0.001 -22"><span class='ocrx_word' id='word_1_76' title='bbox 23 1391 65 1444; x_wconf 83' lang='lat'><strong><em>10</em></strong></span> <span class='ocrx_word' id='word_1_77' title='bbox 181 1366 217 1432; x_wconf 90' lang='lat' dir='ltr'><strong><em>‘O</em></strong></span> <span class='ocrx_word' id='word_1_78' title='bbox 239 1368 269 1431; x_wconf 76' lang='grc' dir='ltr'><strong><em>δ’</em></strong></span> <span class='ocrx_word' id='word_1_79' title='bbox 297 1361 354 1432; x_wconf 70' lang='grc' dir='ltr'><strong><em>σόν</em></strong></span> <span class='ocrx_word' id='word_1_80' title='bbox 374 1373 526 1453; x_wconf 74' lang='grc' dir='ltr'><strong><em>Διογένης</em></strong></span> <span class='ocrx_word' id='word_1_81' title='bbox 547 1372 644 1451; x_wconf 78' lang='grc' dir='ltr'><strong><em>μέχρι</em></strong></span> <span class='ocrx_word' id='word_1_82' title='bbox 672 1374 731 1434; x_wconf 77' lang='grc' dir='ltr'><strong><em>τοῦ</em></strong></span> <span class='ocrx_word' id='word_1_83' title='bbox 760 1373 901 1451; x_wconf 83' lang='grc' dir='ltr'><strong><em>θίματος</em></strong></span> <span class='ocrx_word' id='word_1_84' title='bbox 925 1370 995 1433; x_wconf 78' lang='grc' dir='ltr'><strong><em>’τεόν</em></strong></span> <span class='ocrx_word' id='word_1_85' title='bbox 1013 1367 1216 1449; x_wconf 62' lang='lat' dir='ltr'>’Apporto-r.</span> <span class='ocrx_word' id='word_1_86' title='bbox 1234 1380 1325 1436; x_wconf 63' lang='lat' dir='ltr'>too‘r.</span> 
     </span>
     <span class='ocr_line' id='line_1_12' title="bbox 77 1465 1187 1556; baseline -0.001 -26"><span class='ocrx_word' id='word_1_87' title='bbox 77 1468 151 1530; x_wconf 75' lang='grc' dir='ltr'><strong><em>καόν</em></strong></span> <span class='ocrx_word' id='word_1_88' title='bbox 171 1465 301 1551; x_wconf 78' lang='grc' dir='ltr'><strong><em>προϊών,</em></strong></span> <span class='ocrx_word' id='word_1_89' title='bbox 324 1469 393 1532; x_wconf 87' lang='grc' dir='ltr'><strong><em>ε’πεί</em></strong></span> <span class='ocrx_word' id='word_1_90' title='bbox 416 1467 456 1532; x_wconf 88' lang='grc' dir='ltr'><strong><em>τοὶ</em></strong></span> <span class='ocrx_word' id='word_1_91' title='bbox 480 1470 547 1533; x_wconf 89' lang='grc' dir='ltr'><strong><em>κατ’</em></strong></span> <span class='ocrx_word' id='word_1_92' title='bbox 569 1468 667 1534; x_wconf 71' lang='grc' dir='ltr'><strong><em>αὐτόν</em></strong></span> <span class='ocrx_word' id='word_1_93' title='bbox 699 1468 958 1556; x_wconf 81' lang='grc' dir='ltr'><strong><em>ε’πληρσῳσρήθη,</em></strong></span> <span class='ocrx_word' id='word_1_94' title='bbox 981 1470 1035 1532; x_wconf 90' lang='grc' dir='ltr'><strong><em>καί</em></strong></span> <span class='ocrx_word' id='word_1_95' title='bbox 1056 1465 1098 1542; x_wconf 77' lang='grc' dir='ltr'><strong><em>τός</em></strong></span> <span class='ocrx_word' id='word_1_96' title='bbox 1120 1472 1187 1540; x_wconf 73' lang='grc' dir='ltr'><strong><em>τοῖς</em></strong></span> 
     </span>
    </p>

    <p class='ocr_par' dir='ltr' id='par_1_5' title="bbox 29 1562 1186 1855">
     <span class='ocr_line' id='line_1_13' title="bbox 29 1562 1186 1655; baseline -0.001 -23"><span class='ocrx_word' id='word_1_97' title='bbox 29 1576 57 1648; x_wconf 63' lang='lat'><strong><em>.&#39;</em></strong></span> <span class='ocrx_word' id='word_1_98' title='bbox 79 1565 231 1642; x_wconf 80' lang='grc' dir='ltr'><strong><em>πολίταις</em></strong></span> <span class='ocrx_word' id='word_1_99' title='bbox 253 1570 308 1632; x_wconf 87' lang='grc' dir='ltr'><strong><em>καί</em></strong></span> <span class='ocrx_word' id='word_1_100' title='bbox 326 1577 391 1644; x_wconf 81' lang='grc' dir='ltr'><strong><em>τοῖς</em></strong></span> <span class='ocrx_word' id='word_1_101' title='bbox 412 1565 594 1654; x_wconf 84' lang='grc' dir='ltr'><strong><em>α’νακτόροις</em></strong></span> <span class='ocrx_word' id='word_1_102' title='bbox 615 1569 879 1654; x_wconf 74' lang='grc' dir='ltr'><strong><em>ἐπικεκήρυκται,</em></strong></span> <span class='ocrx_word' id='word_1_103' title='bbox 901 1562 1058 1655; x_wconf 80' lang='grc' dir='ltr'><strong><em>φρούριόν</em></strong></span> <span class='ocrx_word' id='word_1_104' title='bbox 1079 1591 1109 1632; x_wconf 92' lang='grc' dir='ltr'><strong><em>τι</em></strong></span> <span class='ocrx_word' id='word_1_105' title='bbox 1130 1591 1186 1631; x_wconf 89' lang='grc' dir='ltr'><strong><em>κα·</em></strong></span> 
     </span>
     <span class='ocr_line' id='line_1_14' title="bbox 79 1665 1185 1758; baseline -0.004 -23"><span class='ocrx_word' id='word_1_106' title='bbox 79 1667 217 1751; x_wconf 83' lang='grc' dir='ltr'><strong><em>τασχών</em></strong></span> <span class='ocrx_word' id='word_1_107' title='bbox 227 1666 365 1758; x_wconf 82' lang='grc' dir='ltr'><strong><em>Δόκειαν</em></strong></span> <span class='ocrx_word' id='word_1_108' title='bbox 385 1669 673 1752; x_wconf 85' lang='grc' dir='ltr'><strong><em>κατονομαζόμενον</em></strong></span> <span class='ocrx_word' id='word_1_109' title='bbox 688 1674 786 1736; x_wconf 81' lang='grc' dir='ltr'><strong><em>ἐκεῖσε</em></strong></span> <span class='ocrx_word' id='word_1_110' title='bbox 802 1665 1185 1754; x_wconf 75' lang='grc' dir='ltr'><strong><em>κατεστρατοπεδεύσατο.</em></strong></span> 
     </span>
     <span class='ocr_line' id='line_1_15' title="bbox 80 1765 1186 1855; baseline -0.002 -21"><span class='ocrx_word' id='word_1_111' title='bbox 80 1768 100 1834; x_wconf 81' lang='grc' dir='ltr'><em>ὃ</em></span> <span class='ocrx_word' id='word_1_112' title='bbox 134 1771 170 1832; x_wconf 79' lang='grc' dir='ltr'><strong><em>δὲ</em></strong></span> <span class='ocrx_word' id='word_1_113' title='bbox 198 1773 328 1853; x_wconf 83' lang='grc' dir='ltr'><strong><em>Καίσαρ</em></strong></span> <span class='ocrx_word' id='word_1_114' title='bbox 367 1767 422 1833; x_wconf 86' lang='grc' dir='ltr'><strong><em>καί</em></strong></span> <span class='ocrx_word' id='word_1_115' title='bbox 455 1767 534 1833; x_wconf 73' lang='lat' dir='ltr'>sisoi</span> <span class='ocrx_word' id='word_1_116' title='bbox 567 1774 709 1855; x_wconf 88' lang='grc' dir='ltr'><strong><em>σκήπτρα</em></strong></span> <span class='ocrx_word' id='word_1_117' title='bbox 732 1774 801 1836; x_wconf 85' lang='grc' dir='ltr'><strong><em>νέον</em></strong></span> <span class='ocrx_word' id='word_1_118' title='bbox 830 1768 1040 1854; x_wconf 82' lang='grc' dir='ltr'><strong><em>ε’γχειριαθείς</em></strong></span> <span class='ocrx_word' id='word_1_119' title='bbox 1071 1765 1186 1835; x_wconf 77' lang='grc' dir='ltr'><strong><em>τούτου</em></strong></span> 
     </span>
    </p>

    <p class='ocr_par' dir='ltr' id='par_1_6' title="bbox 30 1866 1190 2361">
     <span class='ocr_line' id='line_1_16' title="bbox 30 1866 1187 1953; baseline -0.003 -20"><span class='ocrx_word' id='word_1_120' title='bbox 30 1897 70 1949; x_wconf 81' lang='lat'><strong><em>15</em></strong></span> <span class='ocrx_word' id='word_1_121' title='bbox 82 1866 229 1952; x_wconf 78' lang='grc' dir='ltr'><strong><em>σίνειγιός,</em></strong></span> <span class='ocrx_word' id='word_1_122' title='bbox 254 1869 334 1951; x_wconf 78' lang='grc' dir='ltr'><strong><em>μετὰ</em></strong></span> <span class='ocrx_word' id='word_1_123' title='bbox 357 1867 391 1932; x_wconf 84' lang='grc' dir='ltr'><strong><em>τὸ</em></strong></span> <span class='ocrx_word' id='word_1_124' title='bbox 408 1868 512 1934; x_wconf 88' lang='grc' dir='ltr'><strong><em>πόντα</em></strong></span> <span class='ocrx_word' id='word_1_125' title='bbox 532 1869 572 1953; x_wconf 73' lang='grc' dir='ltr'><strong><em>τότ</em></strong></span> <span class='ocrx_word' id='word_1_126' title='bbox 591 1871 669 1936; x_wconf 86' lang='grc' dir='ltr'><strong><em>κατὰ</em></strong></span> <span class='ocrx_word' id='word_1_127' title='bbox 693 1871 752 1952; x_wconf 90' lang='grc' dir='ltr'><strong><em>τήν</em></strong></span> <span class='ocrx_word' id='word_1_128' title='bbox 770 1870 1005 1952; x_wconf 80' lang='grc' dir='ltr'><strong><em>βασιλεύουσαν</em></strong></span> <span class='ocrx_word' id='word_1_129' title='bbox 1027 1870 1187 1932; x_wconf 78' lang='grc' dir='ltr'><strong><em>διαθεῖναι</em></strong></span> 
     </span>
     <span class='ocr_line' id='line_1_17' title="bbox 83 1966 1188 2054; baseline 0 -22"><span class='ocrx_word' id='word_1_130' title='bbox 83 1967 167 2032; x_wconf 80' lang='grc' dir='ltr'><strong><em>κατὰ</em></strong></span> <span class='ocrx_word' id='word_1_131' title='bbox 191 1966 225 2034; x_wconf 87' lang='grc' dir='ltr'><strong><em>τό</em></strong></span> <span class='ocrx_word' id='word_1_132' title='bbox 247 1974 497 2051; x_wconf 77' lang='grc' dir='ltr'><strong><em>βεβουλευμένον</em></strong></span> <span class='ocrx_word' id='word_1_133' title='bbox 527 1973 654 2054; x_wconf 77' lang='grc' dir='ltr'><strong><em>αὐτοῖς,</em></strong></span> <span class='ocrx_word' id='word_1_134' title='bbox 677 1972 733 2036; x_wconf 87' lang='grc' dir='ltr'><strong><em>καί</em></strong></span> <span class='ocrx_word' id='word_1_135' title='bbox 756 1969 831 2046; x_wconf 81' lang='grc' dir='ltr'><strong><em>τούς</em></strong></span> <span class='ocrx_word' id='word_1_136' title='bbox 858 1974 917 2051; x_wconf 82' lang='grc' dir='ltr'><strong><em>μὲν</em></strong></span> <span class='ocrx_word' id='word_1_137' title='bbox 940 1972 994 2052; x_wconf 88' lang='grc' dir='ltr'><strong><em>τής</em></strong></span> <span class='ocrx_word' id='word_1_138' title='bbox 1015 1967 1188 2051; x_wconf 82' lang='grc' dir='ltr'><strong><em>συγκλήτου</em></strong></span> 
     </span>
     <span class='ocr_line' id='line_1_18' title="bbox 83 2066 1189 2156; baseline 0 -26"><span class='ocrx_word' id='word_1_139' title='bbox 83 2072 206 2152; x_wconf 81' lang='grc' dir='ltr'><strong><em>βουλῆς</em></strong></span> <span class='ocrx_word' id='word_1_140' title='bbox 228 2071 457 2138; x_wconf 73' lang='grc' dir='ltr'><strong><em>οἰκειώσασθαι</em></strong></span> <span class='ocrx_word' id='word_1_141' title='bbox 473 2075 526 2136; x_wconf 89' lang='grc' dir='ltr'><strong><em>καί</em></strong></span> <span class='ocrx_word' id='word_1_142' title='bbox 545 2077 640 2153; x_wconf 83' lang='grc' dir='ltr'><strong><em>τιμᾶν</em></strong></span> <span class='ocrx_word' id='word_1_143' title='bbox 654 2071 769 2149; x_wconf 71' lang='grc' dir='ltr'><strong><em>αὐτοὺς</em></strong></span> <span class='ocrx_word' id='word_1_144' title='bbox 791 2072 1084 2156; x_wconf 83' lang='grc' dir='ltr'><strong><em>προκατόρξασθαι,</em></strong></span> <span class='ocrx_word' id='word_1_145' title='bbox 1108 2066 1189 2152; x_wconf 81' lang='grc' dir='ltr'><strong><em>πρός</em></strong></span> 
     </span>
     <span class='ocr_line' id='line_1_19' title="bbox 88 2161 1190 2258; baseline 0 -24"><span class='ocrx_word' id='word_1_146' title='bbox 88 2173 126 2234; x_wconf 82' lang='grc' dir='ltr'><strong><em>δὲ</em></strong></span> <span class='ocrx_word' id='word_1_147' title='bbox 148 2168 221 2247; x_wconf 85' lang='grc' dir='ltr'><strong><em>τοός</em></strong></span> <span class='ocrx_word' id='word_1_148' title='bbox 241 2176 293 2256; x_wconf 84' lang='grc' dir='ltr'><strong><em>τής</em></strong></span> <span class='ocrx_word' id='word_1_149' title='bbox 316 2174 434 2258; x_wconf 82' lang='grc' dir='ltr'><strong><em>ιίγσρός</em></strong></span> <span class='ocrx_word' id='word_1_150' title='bbox 457 2171 495 2236; x_wconf 86' lang='grc' dir='ltr'><strong><em>τό</em></strong></span> <span class='ocrx_word' id='word_1_151' title='bbox 521 2161 643 2258; x_wconf 83' lang='grc' dir='ltr'><strong><em>συνήθη</em></strong></span> <span class='ocrx_word' id='word_1_152' title='bbox 668 2176 890 2258; x_wconf 72' lang='grc' dir='ltr'><strong><em>δημηγορῆσαι</em></strong></span> <span class='ocrx_word' id='word_1_153' title='bbox 915 2169 970 2236; x_wconf 88' lang='grc' dir='ltr'><strong><em>καί</em></strong></span> <span class='ocrx_word' id='word_1_154' title='bbox 989 2169 1032 2247; x_wconf 73' lang='grc' dir='ltr'><strong><em>σός</em></strong></span> <span class='ocrx_word' id='word_1_155' title='bbox 1051 2169 1110 2254; x_wconf 86' lang='grc' dir='ltr'><strong><em>τήν</em></strong></span> <span class='ocrx_word' id='word_1_156' title='bbox 1123 2182 1190 2255; x_wconf 59' lang='grc' dir='ltr'><strong><em>τίαι-Γ</em></strong></span> 
     </span>
     <span class='ocr_line' id='line_1_20' title="bbox 85 2268 1190 2361; baseline -0.003 -25"><span class='ocrx_word' id='word_1_157' title='bbox 85 2272 193 2359; x_wconf 79' lang='grc' dir='ltr'><strong><em>τρρόαν</em></strong></span> <span class='ocrx_word' id='word_1_158' title='bbox 212 2275 378 2354; x_wconf 78' lang='grc' dir='ltr'><strong><em>βασιλείαν</em></strong></span> <span class='ocrx_word' id='word_1_159' title='bbox 394 2273 494 2361; x_wconf 82' lang='grc' dir='ltr'><strong><em>ψήφῳ</em></strong></span> <span class='ocrx_word' id='word_1_160' title='bbox 509 2275 589 2338; x_wconf 80' lang='grc' dir='ltr'><strong><em>θεοῦ</em></strong></span> <span class='ocrx_word' id='word_1_161' title='bbox 611 2275 654 2350; x_wconf 82' lang='grc' dir='ltr'><strong><em>τίς</em></strong></span> <span class='ocrx_word' id='word_1_162' title='bbox 671 2270 788 2338; x_wconf 75' lang='grc' dir='ltr'><strong><em>ἔαυτόν</em></strong></span> <span class='ocrx_word' id='word_1_163' title='bbox 809 2272 1007 2356; x_wconf 69' lang='grc' dir='ltr'><strong><em>ἀνεκτήσατο,</em></strong></span> <span class='ocrx_word' id='word_1_164' title='bbox 1029 2273 1085 2334; x_wconf 86' lang='grc' dir='ltr'><strong><em>καί</em></strong></span> <span class='ocrx_word' id='word_1_165' title='bbox 1107 2268 1190 2334; x_wconf 73' lang='grc' dir='ltr'><strong><em>ὕπο-</em></strong></span> 
     </span>
    </p>

    <p class='ocr_par' dir='ltr' id='par_1_7' title="bbox 38 2371 1192 2874">
     <span class='ocr_line' id='line_1_21' title="bbox 38 2371 1191 2459; baseline -0.001 -21"><span class='ocrx_word' id='word_1_166' title='bbox 38 2400 77 2455; x_wconf 75' lang='lat'><strong><em>20</em></strong></span> <span class='ocrx_word' id='word_1_167' title='bbox 87 2375 219 2455; x_wconf 77' lang='grc' dir='ltr'><strong><em>σχέσεσι</em></strong></span> <span class='ocrx_word' id='word_1_168' title='bbox 241 2373 482 2459; x_wconf 75' lang='grc' dir='ltr'><strong><em>φιλανθρώποις</em></strong></span> <span class='ocrx_word' id='word_1_169' title='bbox 506 2374 675 2453; x_wconf 81' lang='grc' dir='ltr'><strong><em>εόέλπιόας</em></strong></span> <span class='ocrx_word' id='word_1_170' title='bbox 696 2374 825 2448; x_wconf 72' lang='grc' dir='ltr'><strong><em>τούτους</em></strong></span> <span class='ocrx_word' id='word_1_171' title='bbox 848 2371 1069 2457; x_wconf 81' lang='grc' dir='ltr'><strong><em>ποιήσασθαι,</em></strong></span> <span class='ocrx_word' id='word_1_172' title='bbox 1090 2396 1191 2457; x_wconf 85' lang='grc' dir='ltr'><strong><em>στρα-</em></strong></span> 
     </span>
     <span class='ocr_line' id='line_1_22' title="bbox 87 2472 1192 2561; baseline 0 -22"><span class='ocrx_word' id='word_1_173' title='bbox 87 2472 163 2539; x_wconf 83' lang='grc' dir='ltr'><strong><em>τιόν</em></strong></span> <span class='ocrx_word' id='word_1_174' title='bbox 185 2476 312 2557; x_wconf 80' lang='grc' dir='ltr'><strong><em>πέμψαι</em></strong></span> <span class='ocrx_word' id='word_1_175' title='bbox 334 2474 416 2561; x_wconf 78' lang='grc' dir='ltr'><strong><em>κατὰ</em></strong></span> <span class='ocrx_word' id='word_1_176' title='bbox 437 2480 493 2541; x_wconf 76' lang='grc' dir='ltr'><strong><em>τοῦ</em></strong></span> <span class='ocrx_word' id='word_1_177' title='bbox 513 2481 683 2559; x_wconf 79' lang='grc' dir='ltr'><strong><em>Διογένους</em></strong></span> <span class='ocrx_word' id='word_1_178' title='bbox 714 2475 898 2558; x_wconf 79' lang='grc' dir='ltr'><strong><em>ε’σκέψαντο.</em></strong></span> <span class='ocrx_word' id='word_1_179' title='bbox 941 2472 997 2538; x_wconf 87' lang='grc' dir='ltr'><strong><em>καί</em></strong></span> <span class='ocrx_word' id='word_1_180' title='bbox 1015 2477 1192 2559; x_wconf 83' lang='grc' dir='ltr'><strong><em>στρατηγόν</em></strong></span> 
     </span>
     <span class='ocr_line' id='line_1_23' title="bbox 89 2571 1189 2660; baseline 0.001 -22"><span class='ocrx_word' id='word_1_181' title='bbox 89 2574 309 2660; x_wconf 80' lang='grc' dir='ltr'><strong><em>αότοκρότορα</em></strong></span> <span class='ocrx_word' id='word_1_182' title='bbox 344 2577 621 2660; x_wconf 84' lang='grc' dir='ltr'><strong><em>προχειρισάμενοι</em></strong></span> <span class='ocrx_word' id='word_1_183' title='bbox 655 2579 717 2642; x_wconf 82' lang='grc' dir='ltr'><strong><em>τεόν</em></strong></span> <span class='ocrx_word' id='word_1_184' title='bbox 745 2578 804 2641; x_wconf 79' lang='grc' dir='ltr'><strong><em>τοῦ</em></strong></span> <span class='ocrx_word' id='word_1_185' title='bbox 826 2578 994 2659; x_wconf 89' lang='grc' dir='ltr'><strong><em>Καίσαρος</em></strong></span> <span class='ocrx_word' id='word_1_186' title='bbox 1021 2571 1100 2639; x_wconf 77' lang='grc' dir='ltr'><strong><em>οἶνόν</em></strong></span> <span class='ocrx_word' id='word_1_187' title='bbox 1121 2571 1189 2655; x_wconf 70' lang='grc' dir='ltr'><strong><em>ἕνα,</em></strong></span> 
     </span>
     <span class='ocr_line' id='line_1_24' title="bbox 92 2673 1191 2762; baseline 0 -23"><span class='ocrx_word' id='word_1_188' title='bbox 92 2678 330 2741; x_wconf 85' lang='grc' dir='ltr'><strong><em>Κωνσταντῖνσν</em></strong></span> <span class='ocrx_word' id='word_1_189' title='bbox 352 2675 502 2759; x_wconf 86' lang='grc' dir='ltr'><strong><em>ὀνόματι,</em></strong></span> <span class='ocrx_word' id='word_1_190' title='bbox 523 2676 558 2741; x_wconf 88' lang='grc' dir='ltr'><strong><em>τό</em></strong></span> <span class='ocrx_word' id='word_1_191' title='bbox 584 2677 707 2760; x_wconf 78' lang='grc' dir='ltr'><strong><em>α’ξίωμα</em></strong></span> <span class='ocrx_word' id='word_1_192' title='bbox 728 2676 1008 2762; x_wconf 83' lang='grc' dir='ltr'><strong><em>πρατοπρόεόρον,</em></strong></span> <span class='ocrx_word' id='word_1_193' title='bbox 1029 2673 1104 2752; x_wconf 85' lang='grc' dir='ltr'><strong><em>νοός</em></strong></span> <span class='ocrx_word' id='word_1_194' title='bbox 1126 2700 1191 2740; x_wconf 84' lang='grc' dir='ltr'><strong><em>πα-</em></strong></span> 
     </span>
     <span class='ocr_line' id='line_1_25' title="bbox 90 2774 1191 2874; baseline 0.002 -33"><span class='ocrx_word' id='word_1_195' title='bbox 90 2774 290 2874; x_wconf 83' lang='grc' dir='ltr'><strong><em>ραταχόντας</em></strong></span> <span class='ocrx_word' id='word_1_196' title='bbox 314 2781 378 2843; x_wconf 76' lang='grc' dir='ltr'><strong><em>τῶν</em></strong></span> <span class='ocrx_word' id='word_1_197' title='bbox 400 2780 602 2863; x_wconf 79' lang='grc' dir='ltr'><strong><em>στρατιωτῶν</em></strong></span> <span class='ocrx_word' id='word_1_198' title='bbox 624 2780 716 2866; x_wconf 71' lang='grc' dir='ltr'><strong><em>αόνῳ</em></strong></span> <span class='ocrx_word' id='word_1_199' title='bbox 742 2778 969 2865; x_wconf 76' lang='grc' dir='ltr'><strong><em>ἐγχειρίζουσι,</em></strong></span> <span class='ocrx_word' id='word_1_200' title='bbox 992 2784 1048 2848; x_wconf 86' lang='grc' dir='ltr'><strong><em>καί</em></strong></span> <span class='ocrx_word' id='word_1_201' title='bbox 1068 2782 1191 2863; x_wconf 74' lang='grc' dir='ltr'><strong><em>ταχέως</em></strong></span> 
     </span>
    </p>
   </div>
   <div class='ocr_carea' id='block_1_3' title="bbox 162 2922 384 2997">
    <p class='ocr_par' dir='ltr' id='par_1_8' title="bbox 162 2922 384 2997">
     <span class='ocr_line' id='line_1_26' title="bbox 162 2922 384 2997; baseline 0 -16"><span class='ocrx_word' id='word_1_202' title='bbox 162 2928 189 2981; x_wconf 79' lang='lat'><strong><em>2.</em></strong></span> <span class='ocrx_word' id='word_1_203' title='bbox 208 2922 311 2997; x_wconf 72' lang='grc' dir='ltr'><strong><em>στενήν</em></strong></span> <span class='ocrx_word' id='word_1_204' title='bbox 331 2927 384 2983; x_wconf 76' lang='lat' dir='ltr'><strong><em>ot?</em></strong></span> 
     </span>
    </p>
   </div>
   <div class='ocr_carea' id='block_1_4' title="bbox 91 3066 1243 4279">
    <p class='ocr_par' dir='ltr' id='par_1_9' title="bbox 91 3066 1192 3211">
     <span class='ocr_line' id='line_1_27' title="bbox 91 3066 1192 3139; baseline -0.005 -16"><span class='ocrx_word' id='word_1_205' title='bbox 91 3066 185 3132; x_wconf 86' lang='lat' dir='ltr'>lilium,</span> <span class='ocrx_word' id='word_1_206' title='bbox 205 3082 284 3136; x_wconf 87' lang='lat' dir='ltr'>quem</span> <span class='ocrx_word' id='word_1_207' title='bbox 304 3068 424 3121; x_wconf 86' lang='lat' dir='ltr'>exDucis</span> <span class='ocrx_word' id='word_1_208' title='bbox 444 3070 632 3122; x_wconf 85' lang='lat' dir='ltr'>coniunctione</span> <span class='ocrx_word' id='word_1_209' title='bbox 649 3077 789 3139; x_wconf 75' lang='lat' dir='ltr'>genuerat,</span> <span class='ocrx_word' id='word_1_210' title='bbox 808 3070 995 3136; x_wconf 78' lang='lat' dir='ltr'>imperatorem</span> <span class='ocrx_word' id='word_1_211' title='bbox 1013 3077 1041 3120; x_wconf 88' lang='lat' dir='ltr'>et</span> <span class='ocrx_word' id='word_1_212' title='bbox 1059 3067 1192 3119; x_wconf 87' lang='lat' dir='ltr'>dominum</span> 
     </span>
     <span class='ocr_line' id='line_1_28' title="bbox 92 3139 1191 3211; baseline -0.005 -18"><span class='ocrx_word' id='word_1_213' title='bbox 92 3142 255 3202; x_wconf 82' lang='lat' dir='ltr'>renuntient,</span> <span class='ocrx_word' id='word_1_214' title='bbox 276 3140 303 3191; x_wconf 90' lang='lat' dir='ltr'>in</span> <span class='ocrx_word' id='word_1_215' title='bbox 322 3142 395 3192; x_wconf 80' lang='lat' dir='ltr'>aurei</span> <span class='ocrx_word' id='word_1_216' title='bbox 414 3141 527 3209; x_wconf 82' lang='lat' dir='ltr'>triclinii</span> <span class='ocrx_word' id='word_1_217' title='bbox 550 3143 628 3211; x_wconf 83' lang='lat' dir='ltr'>regio</span> <span class='ocrx_word' id='word_1_218' title='bbox 647 3140 716 3193; x_wconf 92' lang='lat' dir='ltr'>solio</span> <span class='ocrx_word' id='word_1_219' title='bbox 729 3140 903 3193; x_wconf 80' lang='lat' dir='ltr'>collocantes</span> <span class='ocrx_word' id='word_1_220' title='bbox 928 3156 987 3191; x_wconf 91' lang='lat' dir='ltr'>eum</span> <span class='ocrx_word' id='word_1_221' title='bbox 1007 3148 1033 3190; x_wconf 87' lang='lat' dir='ltr'>et</span> <span class='ocrx_word' id='word_1_222' title='bbox 1051 3139 1191 3205; x_wconf 89' lang='lat' dir='ltr'>imperium</span> 
     </span>
    </p>

    <p class='ocr_par' dir='ltr' id='par_1_10' title="bbox 91 3210 1241 3567">
     <span class='ocr_line' id='line_1_29' title="bbox 93 3210 1241 3281; baseline -0.004 -17"><span class='ocrx_word' id='word_1_223' title='bbox 93 3214 118 3264; x_wconf 87' lang='lat' dir='ltr'><strong><em>ei</em></strong></span> <span class='ocrx_word' id='word_1_224' title='bbox 136 3212 244 3263; x_wconf 86' lang='lat' dir='ltr'>tradunt</span> <span class='ocrx_word' id='word_1_225' title='bbox 261 3212 376 3276; x_wconf 90' lang='lat' dir='ltr'>unicum,</span> <span class='ocrx_word' id='word_1_226' title='bbox 397 3220 424 3263; x_wconf 93' lang='lat' dir='ltr'>et</span> <span class='ocrx_word' id='word_1_227' title='bbox 443 3214 573 3265; x_wconf 85' lang='lat' dir='ltr'>domiuum</span> <span class='ocrx_word' id='word_1_228' title='bbox 599 3221 762 3281; x_wconf 84' lang='lat' dir='ltr'>matremque</span> <span class='ocrx_word' id='word_1_229' title='bbox 783 3214 840 3264; x_wconf 87' lang='lat' dir='ltr'>eius</span> <span class='ocrx_word' id='word_1_230' title='bbox 859 3210 989 3263; x_wconf 85' lang='lat' dir='ltr'>deliciunt</span> <span class='ocrx_word' id='word_1_231' title='bbox 1007 3212 1111 3278; x_wconf 76' lang='lat' dir='ltr'>ingenti</span> <span class='ocrx_word' id='word_1_232' title='bbox 1131 3224 1191 3259; x_wconf 89' lang='lat' dir='ltr'>curu</span> <span class='ocrx_word' id='word_1_233' title='bbox 1236 3260 1241 3265; x_wconf 76' lang='grc'><strong><em>,</em></strong></span> 
     </span>
     <span class='ocr_line' id='line_1_30' title="bbox 92 3280 1192 3350; baseline -0.005 -16"><span class='ocrx_word' id='word_1_234' title='bbox 92 3286 207 3350; x_wconf 87' lang='lat' dir='ltr'>impetu:</span> <span class='ocrx_word' id='word_1_235' title='bbox 227 3283 323 3334; x_wconf 90' lang='lat' dir='ltr'>deinde</span> <span class='ocrx_word' id='word_1_236' title='bbox 343 3284 422 3334; x_wconf 83' lang='lat' dir='ltr'>etium</span> <span class='ocrx_word' id='word_1_237' title='bbox 447 3288 509 3337; x_wconf 84' lang='lat' dir='ltr'>navi</span> <span class='ocrx_word' id='word_1_238' title='bbox 528 3285 649 3336; x_wconf 82' lang='lat' dir='ltr'>traditam</span> <span class='ocrx_word' id='word_1_239' title='bbox 670 3284 789 3337; x_wconf 84' lang='lat' dir='ltr'>exsulem</span> <span class='ocrx_word' id='word_1_240' title='bbox 815 3285 904 3335; x_wconf 88' lang='lat' dir='ltr'>lerunt</span> <span class='ocrx_word' id='word_1_241' title='bbox 932 3282 964 3334; x_wconf 86' lang='lat' dir='ltr'><strong><em>ad</em></strong></span> <span class='ocrx_word' id='word_1_242' title='bbox 983 3280 1115 3333; x_wconf 78' lang='lat' dir='ltr'>orientale</span> <span class='ocrx_word' id='word_1_243' title='bbox 1134 3280 1192 3331; x_wconf 75' lang='grc' dir='ltr'><strong><em>[τε.</em></strong></span> 
     </span>
     <span class='ocr_line' id='line_1_31' title="bbox 91 3351 1192 3424; baseline -0.006 -18"><span class='ocrx_word' id='word_1_244' title='bbox 91 3364 147 3407; x_wconf 86' lang='lat' dir='ltr'><strong><em>tum</em></strong></span> <span class='ocrx_word' id='word_1_245' title='bbox 172 3355 258 3422; x_wconf 89' lang='lat' dir='ltr'>(quod</span> <span class='ocrx_word' id='word_1_246' title='bbox 280 3362 420 3423; x_wconf 78' lang='lat' dir='ltr'>angustruu</span> <span class='ocrx_word' id='word_1_247' title='bbox 446 3359 520 3408; x_wconf 87' lang='lat' dir='ltr'>cives</span> <span class='ocrx_word' id='word_1_248' title='bbox 540 3365 638 3409; x_wconf 83' lang='lat' dir='ltr'>vocant</span> <span class='ocrx_word' id='word_1_249' title='bbox 658 3372 691 3407; x_wconf 87' lang='lat' dir='ltr'>ex</span> <span class='ocrx_word' id='word_1_250' title='bbox 709 3357 796 3424; x_wconf 88' lang='lat' dir='ltr'>situ),</span> <span class='ocrx_word' id='word_1_251' title='bbox 824 3353 1011 3406; x_wconf 81' lang='lat' dir='ltr'>includendam</span> <span class='ocrx_word' id='word_1_252' title='bbox 1030 3351 1192 3403; x_wconf 87' lang='lat' dir='ltr'>monasterio</span> 
     </span>
     <span class='ocr_line' id='line_1_32' title="bbox 92 3420 1192 3495; baseline -0.005 -17"><span class='ocrx_word' id='word_1_253' title='bbox 92 3426 126 3478; x_wconf 84' lang='lat' dir='ltr'><strong><em>ab</em></strong></span> <span class='ocrx_word' id='word_1_254' title='bbox 146 3441 178 3476; x_wconf 86' lang='lat' dir='ltr'>ea</span> <span class='ocrx_word' id='word_1_255' title='bbox 196 3426 301 3477; x_wconf 87' lang='lat' dir='ltr'>condito</span> <span class='ocrx_word' id='word_1_256' title='bbox 323 3434 349 3477; x_wconf 90' lang='lat' dir='ltr'>et</span> <span class='ocrx_word' id='word_1_257' title='bbox 369 3435 464 3479; x_wconf 85' lang='lat' dir='ltr'>vocnto</span> <span class='ocrx_word' id='word_1_258' title='bbox 484 3427 625 3495; x_wconf 85' lang='lat' dir='ltr'>l’iperude,</span> <span class='ocrx_word' id='word_1_259' title='bbox 651 3428 772 3481; x_wconf 86' lang='lat' dir='ltr'>vestibus</span> <span class='ocrx_word' id='word_1_260' title='bbox 789 3428 875 3495; x_wconf 81' lang='lat' dir='ltr'>nigris</span> <span class='ocrx_word' id='word_1_261' title='bbox 894 3425 1009 3477; x_wconf 87' lang='lat' dir='ltr'>indutum</span> <span class='ocrx_word' id='word_1_262' title='bbox 1029 3432 1056 3475; x_wconf 90' lang='lat' dir='ltr'>et</span> <span class='ocrx_word' id='word_1_263' title='bbox 1075 3420 1192 3475; x_wconf 81' lang='lat' dir='ltr'>crinibus</span> 
     </span>
     <span class='ocr_line' id='line_1_33' title="bbox 93 3495 675 3567; baseline 0.002 -18"><span class='ocrx_word' id='word_1_264' title='bbox 93 3498 178 3549; x_wconf 88' lang='lat' dir='ltr'>tonsis</span> <span class='ocrx_word' id='word_1_265' title='bbox 197 3495 282 3548; x_wconf 89' lang='lat' dir='ltr'>ordini</span> <span class='ocrx_word' id='word_1_266' title='bbox 300 3498 488 3549; x_wconf 83' lang='lat' dir='ltr'>monacharum</span> <span class='ocrx_word' id='word_1_267' title='bbox 507 3500 675 3567; x_wconf 87' lang='lat' dir='ltr'>adscriptum.</span> 
     </span>
    </p>

    <p class='ocr_par' dir='ltr' id='par_1_11' title="bbox 92 3567 1243 4279">
     <span class='ocr_line' id='line_1_34' title="bbox 191 3567 1192 3639; baseline -0.003 -19"><span class='ocrx_word' id='word_1_268' title='bbox 191 3567 327 3637; x_wconf 72' lang='lat' dir='ltr'>Augustus</span> <span class='ocrx_word' id='word_1_269' title='bbox 345 3570 434 3637; x_wconf 60' lang='lat' dir='ltr'>*igitur</span> <span class='ocrx_word' id='word_1_270' title='bbox 462 3585 546 3638; x_wconf 88' lang='lat' dir='ltr'>usque</span> <span class='ocrx_word' id='word_1_271' title='bbox 572 3572 604 3622; x_wconf 91' lang='lat' dir='ltr'><strong><em>ud</em></strong></span> <span class='ocrx_word' id='word_1_272' title='bbox 627 3573 793 3639; x_wconf 81' lang='lat' dir='ltr'>provinciam</span> <span class='ocrx_word' id='word_1_273' title='bbox 816 3570 1000 3623; x_wconf 78' lang='lat' dir='ltr'>Armeniacum</span> <span class='ocrx_word' id='word_1_274' title='bbox 1025 3580 1192 3635; x_wconf 75' lang='lat' dir='ltr'>progressus,</span> 
     </span>
     <span class='ocr_line' id='line_1_35' title="bbox 93 3641 1193 3709; baseline -0.004 -17"><span class='ocrx_word' id='word_1_275' title='bbox 93 3648 233 3709; x_wconf 79' lang='lat' dir='ltr'>postquam</span> <span class='ocrx_word' id='word_1_276' title='bbox 257 3656 326 3709; x_wconf 85' lang='lat' dir='ltr'>quae</span> <span class='ocrx_word' id='word_1_277' title='bbox 353 3641 386 3691; x_wconf 81' lang='lat' dir='ltr'><strong><em>ud</em></strong></span> <span class='ocrx_word' id='word_1_278' title='bbox 412 3656 471 3691; x_wconf 90' lang='lat' dir='ltr'>eum</span> <span class='ocrx_word' id='word_1_279' title='bbox 497 3643 667 3709; x_wconf 83' lang='lat' dir='ltr'>pertinebant</span> <span class='ocrx_word' id='word_1_280' title='bbox 686 3643 834 3709; x_wconf 82' lang='lat' dir='ltr'>comperit,</span> <span class='ocrx_word' id='word_1_281' title='bbox 854 3642 1031 3708; x_wconf 87' lang='lat' dir='ltr'>proscriptum</span> <span class='ocrx_word' id='word_1_282' title='bbox 1049 3654 1079 3690; x_wconf 89' lang='lat' dir='ltr'><strong><em>se</em></strong></span> <span class='ocrx_word' id='word_1_283' title='bbox 1099 3652 1193 3688; x_wconf 80' lang='lat' dir='ltr'>essen</span> 
     </span>
     <span class='ocr_line' id='line_1_36' title="bbox 93 3709 1192 3784; baseline -0.005 -20"><span class='ocrx_word' id='word_1_284' title='bbox 93 3712 197 3765; x_wconf 86' lang='lat' dir='ltr'>civibus</span> <span class='ocrx_word' id='word_1_285' title='bbox 224 3720 251 3764; x_wconf 91' lang='lat' dir='ltr'>et</span> <span class='ocrx_word' id='word_1_286' title='bbox 266 3712 395 3784; x_wconf 83' lang='lat' dir='ltr'>palutio,</span> <span class='ocrx_word' id='word_1_287' title='bbox 424 3712 535 3764; x_wconf 83' lang='lat' dir='ltr'>castello</span> <span class='ocrx_word' id='word_1_288' title='bbox 556 3722 649 3780; x_wconf 87' lang='lat' dir='ltr'>capto,</span> <span class='ocrx_word' id='word_1_289' title='bbox 679 3715 750 3783; x_wconf 91' lang='lat' dir='ltr'>quod</span> <span class='ocrx_word' id='word_1_290' title='bbox 768 3715 882 3765; x_wconf 82' lang='lat' dir='ltr'>Dosceiu</span> <span class='ocrx_word' id='word_1_291' title='bbox 909 3718 1029 3775; x_wconf 79' lang='lat' dir='ltr'>vocatur,</span> <span class='ocrx_word' id='word_1_292' title='bbox 1050 3709 1087 3761; x_wconf 88' lang='lat' dir='ltr'><strong><em>ibi</em></strong></span> <span class='ocrx_word' id='word_1_293' title='bbox 1107 3716 1192 3760; x_wconf 82' lang='lat' dir='ltr'>castra</span> 
     </span>
     <span class='ocr_line' id='line_1_37' title="bbox 93 3780 1192 3852; baseline -0.001 -19"><span class='ocrx_word' id='word_1_294' title='bbox 93 3783 190 3852; x_wconf 91' lang='lat' dir='ltr'>posuit.</span> <span class='ocrx_word' id='word_1_295' title='bbox 239 3784 337 3838; x_wconf 82' lang='lat' dir='ltr'>Caesar</span> <span class='ocrx_word' id='word_1_296' title='bbox 363 3789 451 3835; x_wconf 85' lang='lat' dir='ltr'>autem</span> <span class='ocrx_word' id='word_1_297' title='bbox 477 3792 521 3847; x_wconf 91' lang='lat' dir='ltr'>et,</span> <span class='ocrx_word' id='word_1_298' title='bbox 549 3786 592 3835; x_wconf 93' lang='lat' dir='ltr'>cui</span> <span class='ocrx_word' id='word_1_299' title='bbox 611 3794 744 3851; x_wconf 86' lang='lat' dir='ltr'>sceptrum</span> <span class='ocrx_word' id='word_1_300' title='bbox 768 3800 854 3850; x_wconf 83' lang='lat' dir='ltr'>nuper</span> <span class='ocrx_word' id='word_1_301' title='bbox 882 3784 1005 3836; x_wconf 86' lang='lat' dir='ltr'>traditum</span> <span class='ocrx_word' id='word_1_302' title='bbox 1029 3788 1095 3844; x_wconf 83' lang='lat' dir='ltr'>erat,</span> <span class='ocrx_word' id='word_1_303' title='bbox 1115 3780 1192 3832; x_wconf 82' lang='lat' dir='ltr'>lunius</span> 
     </span>
     <span class='ocr_line' id='line_1_38' title="bbox 93 3855 1235 3926; baseline -0.006 -19"><span class='ocrx_word' id='word_1_304' title='bbox 93 3855 179 3907; x_wconf 87' lang='lat' dir='ltr'>ulliuis</span> <span class='ocrx_word' id='word_1_305' title='bbox 191 3865 339 3925; x_wconf 82' lang='lat' dir='ltr'>postquam,</span> <span class='ocrx_word' id='word_1_306' title='bbox 362 3870 429 3923; x_wconf 86' lang='lat' dir='ltr'>quae</span> <span class='ocrx_word' id='word_1_307' title='bbox 449 3855 591 3906; x_wconf 83' lang='lat' dir='ltr'>constituta</span> <span class='ocrx_word' id='word_1_308' title='bbox 611 3865 685 3907; x_wconf 85' lang='lat' dir='ltr'>erant</span> <span class='ocrx_word' id='word_1_309' title='bbox 703 3857 731 3905; x_wconf 87' lang='lat' dir='ltr'>iu</span> <span class='ocrx_word' id='word_1_310' title='bbox 750 3857 869 3923; x_wconf 84' lang='lat' dir='ltr'>reginum</span> <span class='ocrx_word' id='word_1_311' title='bbox 882 3856 1080 3921; x_wconf 85' lang='lat' dir='ltr'>disposuerunt,</span> <span class='ocrx_word' id='word_1_312' title='bbox 1100 3859 1128 3903; x_wconf 88' lang='lat' dir='ltr'>et</span> <span class='ocrx_word' id='word_1_313' title='bbox 1146 3868 1200 3916; x_wconf 51' lang='lat' dir='ltr'><strong><em>se„</em></strong></span> <span class='ocrx_word' id='word_1_314' title='bbox 1230 3919 1235 3926; x_wconf 33' lang='lat'><em>.</em></span> 
     </span>
     <span class='ocr_line' id='line_1_39' title="bbox 92 3926 1191 3994; baseline -0.001 -16"><span class='ocrx_word' id='word_1_315' title='bbox 92 3934 200 3979; x_wconf 88' lang='lat' dir='ltr'>nutores</span> <span class='ocrx_word' id='word_1_316' title='bbox 219 3928 269 3979; x_wconf 90' lang='lat' dir='ltr'>sibi</span> <span class='ocrx_word' id='word_1_317' title='bbox 289 3926 467 3977; x_wconf 82' lang='lat' dir='ltr'>conciliarunt</span> <span class='ocrx_word' id='word_1_318' title='bbox 484 3934 511 3977; x_wconf 86' lang='lat' dir='ltr'>et</span> <span class='ocrx_word' id='word_1_319' title='bbox 523 3926 655 3978; x_wconf 86' lang='lat' dir='ltr'>honorare</span> <span class='ocrx_word' id='word_1_320' title='bbox 675 3940 722 3978; x_wconf 89' lang='lat' dir='ltr'><strong><em>eos</em></strong></span> <span class='ocrx_word' id='word_1_321' title='bbox 743 3932 899 3994; x_wconf 88' lang='lat' dir='ltr'>coeperunt,</span> <span class='ocrx_word' id='word_1_322' title='bbox 920 3928 948 3977; x_wconf 94' lang='lat' dir='ltr'>in</span> <span class='ocrx_word' id='word_1_323' title='bbox 968 3926 1026 3975; x_wconf 88' lang='lat' dir='ltr'>loro</span> <span class='ocrx_word' id='word_1_324' title='bbox 1045 3933 1132 3975; x_wconf 86' lang='lat' dir='ltr'>autem</span> <span class='ocrx_word' id='word_1_325' title='bbox 1148 3940 1191 3977; x_wconf 89' lang='lat' dir='ltr'><strong><em>res</em></strong></span> 
     </span>
     <span class='ocr_line' id='line_1_40' title="bbox 95 3996 1243 4065; baseline -0.001 -17"><span class='ocrx_word' id='word_1_326' title='bbox 95 4008 235 4051; x_wconf 87' lang='lat' dir='ltr'>consuetas</span> <span class='ocrx_word' id='word_1_327' title='bbox 253 3998 336 4049; x_wconf 91' lang='lat' dir='ltr'>locuti</span> <span class='ocrx_word' id='word_1_328' title='bbox 357 4006 430 4061; x_wconf 90' lang='lat' dir='ltr'>sunt,</span> <span class='ocrx_word' id='word_1_329' title='bbox 458 4006 484 4049; x_wconf 92' lang='lat' dir='ltr'><strong><em>ct</em></strong></span> <span class='ocrx_word' id='word_1_330' title='bbox 503 3998 634 4065; x_wconf 88' lang='lat' dir='ltr'>quomodo</span> <span class='ocrx_word' id='word_1_331' title='bbox 657 4012 769 4065; x_wconf 81' lang='lat' dir='ltr'>regnum</span> <span class='ocrx_word' id='word_1_332' title='bbox 788 4005 926 4064; x_wconf 85' lang='lat' dir='ltr'>paternum</span> <span class='ocrx_word' id='word_1_333' title='bbox 946 4012 980 4048; x_wconf 85' lang='lat' dir='ltr'>ex</span> <span class='ocrx_word' id='word_1_334' title='bbox 998 3996 1130 4049; x_wconf 86' lang='lat' dir='ltr'>sententia</span> <span class='ocrx_word' id='word_1_335' title='bbox 1147 3996 1191 4049; x_wconf 89' lang='lat' dir='ltr'><strong><em>dei</em></strong></span> <span class='ocrx_word' id='word_1_336' title='bbox 1234 4040 1243 4047; x_wconf 95' lang='lat'>.</span> 
     </span>
     <span class='ocr_line' id='line_1_41' title="bbox 94 4068 1190 4138; baseline -0.007 -16"><span class='ocrx_word' id='word_1_337' title='bbox 94 4069 143 4122; x_wconf 88' lang='lat' dir='ltr'>sibi</span> <span class='ocrx_word' id='word_1_338' title='bbox 162 4070 382 4134; x_wconf 82' lang='lat' dir='ltr'>reconciliasset,</span> <span class='ocrx_word' id='word_1_339' title='bbox 409 4077 435 4119; x_wconf 89' lang='lat' dir='ltr'>et</span> <span class='ocrx_word' id='word_1_340' title='bbox 453 4078 592 4138; x_wconf 81' lang='lat' dir='ltr'>postquam</span> <span class='ocrx_word' id='word_1_341' title='bbox 614 4069 752 4135; x_wconf 85' lang='lat' dir='ltr'>promissis</span> <span class='ocrx_word' id='word_1_342' title='bbox 779 4068 899 4120; x_wconf 81' lang='lat' dir='ltr'>humenis</span> <span class='ocrx_word' id='word_1_343' title='bbox 916 4068 986 4120; x_wconf 85' lang='lat' dir='ltr'>bono</span> <span class='ocrx_word' id='word_1_344' title='bbox 1004 4068 1053 4119; x_wconf 88' lang='lat' dir='ltr'><strong><em>hos</em></strong></span> <span class='ocrx_word' id='word_1_345' title='bbox 1072 4082 1120 4134; x_wconf 86' lang='lat' dir='ltr'><strong><em>spe</em></strong></span> <span class='ocrx_word' id='word_1_346' title='bbox 1138 4068 1190 4118; x_wconf 89' lang='lat' dir='ltr'>im.</span> 
     </span>
     <span class='ocr_line' id='line_1_42' title="bbox 94 4140 1190 4208; baseline -0.002 -19"><span class='ocrx_word' id='word_1_347' title='bbox 94 4140 247 4207; x_wconf 85' lang='lat' dir='ltr'>pleveruut,</span> <span class='ocrx_word' id='word_1_348' title='bbox 268 4143 412 4194; x_wconf 84' lang='lat' dir='ltr'>exercitum</span> <span class='ocrx_word' id='word_1_349' title='bbox 431 4142 537 4194; x_wconf 90' lang='lat' dir='ltr'>mittere</span> <span class='ocrx_word' id='word_1_350' title='bbox 553 4150 650 4203; x_wconf 81' lang='lat' dir='ltr'><strong><em>¹contra</em></strong></span> <span class='ocrx_word' id='word_1_351' title='bbox 666 4140 816 4208; x_wconf 77' lang='lat' dir='ltr'>Augustum</span> <span class='ocrx_word' id='word_1_352' title='bbox 839 4148 996 4193; x_wconf 75' lang='lat' dir='ltr'>statuerunt.</span> <span class='ocrx_word' id='word_1_353' title='bbox 1033 4148 1114 4208; x_wconf 82' lang='lat' dir='ltr'>atque</span> <span class='ocrx_word' id='word_1_354' title='bbox 1130 4153 1190 4189; x_wconf 92' lang='lat' dir='ltr'>curu</span> 
     </span>
     <span class='ocr_line' id='line_1_43' title="bbox 96 4209 1190 4279; baseline -0.005 -14"><span class='ocrx_word' id='word_1_355' title='bbox 96 4213 188 4266; x_wconf 82' lang='lat' dir='ltr'>ducem</span> <span class='ocrx_word' id='word_1_356' title='bbox 207 4228 335 4269; x_wconf 87' lang='lat' dir='ltr'>summum</span> <span class='ocrx_word' id='word_1_357' title='bbox 354 4213 475 4272; x_wconf 77' lang='lat' dir='ltr'>caeraris</span> <span class='ocrx_word' id='word_1_358' title='bbox 495 4214 611 4271; x_wconf 88' lang='lat' dir='ltr'>liliorum</span> <span class='ocrx_word' id='word_1_359' title='bbox 636 4229 716 4268; x_wconf 87' lang='lat' dir='ltr'>uuum</span> <span class='ocrx_word' id='word_1_360' title='bbox 735 4222 880 4279; x_wconf 76' lang='lat' dir='ltr'>creassent,</span> <span class='ocrx_word' id='word_1_361' title='bbox 901 4212 1109 4275; x_wconf 78' lang='lat' dir='ltr'>constantinum,</span> <span class='ocrx_word' id='word_1_362' title='bbox 1128 4209 1190 4276; x_wconf 71' lang='lat' dir='ltr'>dig.</span> 
     </span>
    </p>
   </div>
   <div class='ocr_carea' id='block_1_5' title="bbox 0 0 1436 4750">
    <p class='ocr_par' dir='ltr' id='par_1_12' title="bbox 0 0 1436 4750">
     <span class='ocr_line' id='line_1_44' title="bbox 0 0 1436 4750; baseline 0 0"><span class='ocrx_word' id='word_1_363' title='bbox 0 0 1436 4750; x_wconf 95' lang='lat' dir='ltr'><strong><em> </em></strong></span> 
     </span>
    </p>
   </div>
  </div>
 </body>
</html>
