2834 4750
227 270 302 343 28⁰
324 339 332 351 ,
528 262 748 341 meamus
770 262 1032 337 immores

226 440 288 515 θός
307 435 362 501 καί
385 437 596 520 ἀντιληπταρ,
619 433 676 498 καί
696 435 738 497 οὐ
749 432 848 513 μόνον
869 427 1023 513 βασιλεύς
1045 424 1131 493 ἀλλά
1157 427 1218 492 καί
1242 425 1333 509 πατὴρ

229 535 370 623 ἀγαθός·
422 538 568 619 ἀνίχνευε
594 535 655 621 γάρ
685 534 739 600 διό
771 531 884 607 παντὸς
914 534 970 596 καί
998 532 1160 617 φροντίδα
1193 532 1337 610 μεγίστην

229 645 353 707 ἐτίθετο
373 637 409 704 τό
431 633 516 703 ἀπαν
533 640 645 720 ἐξᾶραι
666 634 728 701 ἀπό
753 634 943 720 προσώπου..
958 637 1014 717 τῆς
1034 634 1093 716 γῆς
1118 630 1276 714 ἀδίκημα
1297 626 1341 691 καί

230 738 392 826 ἀνόμημα.

333 843 428 917 Τέλος
456 844 492 905 δὲ
511 844 575 904 τόν
591 841 765 919 βασιλικῶν
791 837 1050 920 εὐεργετημάτων
1080 835 1141 897 καί
1163 827 1361 896 διαδόσεων5
1405 893 1406 909 ,

229 937 304 1010 οὐτε
324 945 413 1027 κόρος
434 939 468 1006 τό
492 940 623 1006 σόνολον
646 933 694 1024 ἦν,
716 931 783 1003 οὐτ’
800 940 900 1003 εἰπεῖν
915 938 1002 1025 αὐτῷ
1020 938 1182 1018 ε’ξεγένετο
1208 930 1246 996 τό
1272 938 1344 1015 παρ’

226 1043 441 1127 Ἀλεξάνδρου
470 1045 525 1108 τοῦ
558 1040 750 1115 Μακεδόνος
785 1042 881 1103 ε’νίοτε
911 1036 1176 1122 προφερόμενον,
1215 1025 1274 1097 ότε
1302 1030 1343 1115 μη
1405 1043 1406 1097 l

227 1145 436 1242 εὐεργετήσας
471 1141 584 1225 ἔτυχε,
625 1140 661 1205 τό
697 1137 854 1224 “adnepos
883 1140 941 1201 οὐκ
968 1134 1201 1217 ε’βασιλεοσα.”
1262 1137 1346 1198 πᾶσα

227 1243 299 1329 γὰρ,
322 1238 437 1328 ἡμέρα
456 1241 574 1318 παντὸς
605 1241 792 1324 δωρήματος
823 1237 945 1303 τελείου
973 1238 1029 1300 καί
1049 1235 1204 1319 παροχῆς
1237 1230 1347 1319 ἀφθό-
1405 1250 1406 1324 η

228 1368 287 1409 νου
316 1341 427 1411 τοότον
458 1342 525 1425 ἔχει
554 1344 700 1425 παροχόα
728 1343 784 1404 καί
804 1336 1033 1423 ἀφθονώτατον
1053 1336 1245 1420 πρύτανιν·
1297 1339 1379 1399 salto
1405 1339 1406 1395 l

230 1444 284 1509 διό
317 1443 421 1527 πόσης
448 1443 596 1529 ἀφορμῆς
625 1440 743 1524 ἐχώρει
771 1441 822 1522 ἐφ’
856 1427 881 1525 ᾧ
911 1439 1034 1521 μηδένα
1063 1437 1121 1519 τῆς
1155 1438 1194 1499 ἐκ
1228 1430 1344 1499 τσότοο
1405 1464 1406 1531 η

229 1544 375 1617 εὐποιίας
400 1544 641 1628 ἀπολειφθῆναι
669 1536 851 1625 ἀπείρατον.
906 1535 1013 1625 ἐπῄνει
1034 1536 1095 1622 γάρ
1121 1538 1180 1602 καί
1211 1534 1271 1600 τόν
1294 1557 1346 1600 το-
1405 1584 1406 1638 η

201 1638 205 1645 ’
229 1640 321 1726 ξότην
344 1639 387 1718 ώς
416 1642 576 1725 εὐστόχως
597 1643 757 1722 βάλλσντο
781 1639 835 1705 καί
859 1637 895 1705 τό
922 1644 1015 1723 βέλος
1036 1638 1090 1703 ἐπί
1113 1639 1245 1713 σκοποῦ
1266 1660 1345 1701 σον-
1405 1641 1406 1693 l

224 1746 418 1825 τιθέμενον,
448 1741 503 1807 καί
529 1741 584 1807 τόν
605 1744 754 1826 λογχίτην
781 1741 824 1816 ai<
851 1740 1125 1826 ἀκραιφνέστατσν
1148 1739 1344 1821 διαδορατί-
1405 1785 1406 1822 η

222 1840 324 1923 ’ζοντα
345 1843 410 1909 ’καί
439 1843 496 1927 τήν
519 1845 633 1928 λόγχην
659 1843 845 1924 εὐθυβόλως
875 1827 1170 1925 ἐπισυστρέφοντα,
1207 1842 1269 1903 καί
1290 1838 1375 1904 τόνλό
1405 1877 1406 1911 η

228 1939 362 2028 ἶππότην
392 1943 435 2019 oie
467 1953 532 2020 τοῖς
551 1941 663 2018 νώτοις
683 1946 743 2006 τοό
765 1942 862 2007 ἵππου
889 1942 1068 2023 ἀτρεμαίως
1089 1940 1340 2031 Χἀπικαθιη’μεντιτ

229 2046 263 2108 ἓν
283 2048 327 2132 spi
346 2050 434 2127 θεῖν,
457 2044 512 2110 καί
531 2044 585 2110 τόν
606 2043 736 2128 ὁπλίτην
766 2038 962 2127 στρατιώτην
988 2043 1022 2106 ἐν
1051 2034 1170 2120 ἅπασι,
1207 2043 1267 2104 καί
1289 2040 1339 2105 τόν

228 2144 326 2227 ψιλόν
357 2150 410 2212 καί
431 2148 596 2229 ἀπέριττον
624 2142 667 2220 ώς
688 2145 858 2225 εὐτολμίας
890 2142 1071 2227 μαρτυρίαν
1093 2142 1263 2225 είσάγοντα
1288 2144 1339 2205 καί

230 2246 269 2331 τῇ
290 2246 394 2323 διώξει
416 2243 451 2309 τό
470 2244 605 2329 θήραμα
626 2242 989 2333 προκαταλαμβάνοντα,
1010 2245 1066 2306 καί
1086 2240 1143 2307 τόν
1169 2241 1276 2327 σοφόν
1297 2240 1338 2316 ώς

229 2349 433 2432 μεμυημένον
455 2343 495 2410 τό
528 2350 702 2429 κρείττονα.
764 2346 849 2429 η’λίει
873 2346 908 2411 δὲ
938 2348 993 2408 καί
1013 2340 1112 2408 αὐτόν
1132 2340 1191 2408 τόν
1214 2336 1375 2428 deoperto

93 2438 251 2531 λλλ9τ.ἦ’
272 2446 331 2512 καί
351 2439 480 2533 όφρονα
502 2447 545 2524 ώς
566 2445 724 2512 ἔκπτωτον
745 2447 804 2509 τσό
823 2447 991 2528 βελτίονος.
1037 2443 1192 2531 φρόνιμον
1214 2444 1338 2530 όττερῄ-

213 2569 286 2632 ,ρεν
309 2541 351 2623 ώς
371 2547 542 2628 εὐβουλίας
563 2545 779 2629 δοκιμώτατον
800 2539 949 2630 όργανσν,
971 2544 1024 2610 τόν
1044 2567 1077 2609 τε
1103 2543 1338 2632 μετεωρολόγοι

1402 2685 1405 2716 l

302 2736 585 2863 bosrpgmpepdpeeros
603 2739 634 2795 (i.
727 2739 772 2793 1⁷.
789 2741 821 2798 ἐν
842 2737 962 2800 dalem?
1043 2739 1088 2794 21.
1106 2736 1156 2798 τὸν
1176 2739 1209 2796 δὲ
1228 2739 1338 2815 φρόνι-

301 2826 361 2882 μν
404 2846 410 2859 .

228 2991 419 3045 immutabilem
446 3001 473 3044 et
497 2994 656 3047 inturbatam
681 2993 774 3046 harum
798 2994 996 3061 possessionem
1022 2993 1056 3044 iis
1089 2993 1230 3046 confirmat
1249 2996 1297 3050 'et
1310 2997 1338 3048 tit
1405 2982 1406 3005 ¹

230 3064 351 3117 omnibus
367 3064 470 3115 adiutor
487 3073 515 3115 et
532 3067 631 3129 socius,
649 3082 738 3133 neque
758 3065 844 3117 solum
857 3081 906 3117 rex
925 3065 1062 3117 sedetiam
1077 3071 1153 3132 pater
1172 3064 1272 3118 bonus
1293 3068 1337 3118 in·
1405 3060 1406 3103 l

228 3135 343 3203 degebat
361 3136 430 3187 enim
446 3137 552 3187 omnino
568 3145 594 3187 et
607 3153 697 3188 curam
712 3138 850 3188 maximam
866 3136 1030 3200 instituebat,
1049 3142 1079 3187 ut
1097 3150 1203 3188 omnem
1223 3137 1336 3190 tolleret
1405 3132 1406 3193 l

229 3223 245 3257 e
263 3214 410 3274 conspeetu
428 3214 517 3260 terrae
534 3209 659 3258 iniuriam
678 3216 705 3259 et
722 3206 813 3274 legum
831 3205 1041 3275 neglectionem.
1405 3204 1406 3214 ¹

327 3302 400 3354 Finis
418 3293 505 3353 antem
524 3303 659 3370 regiorum
677 3303 869 3355 beneficiorum
890 3310 916 3354 et
941 3302 1112 3372 largitionum
1137 3319 1229 3372 neque
1248 3307 1335 3358 satie·

226 3381 267 3424 tas
286 3375 394 3424 omnino
420 3381 491 3437 erat,
517 3390 605 3442 neque
624 3375 715 3426 dicere
733 3376 758 3425 ei
777 3382 906 3442 promtum
933 3383 1005 3439 erat,
1035 3375 1105 3444 quod
1124 3374 1156 3426 ab
1175 3374 1333 3429 Alexandro

226 3443 372 3497 blacedonc
391 3459 578 3513 nonuunquam
597 3444 799 3512 proferebatur,
820 3446 924 3514 quando
948 3446 1051 3498 nullum
1069 3447 1233 3500 beneficium
1250 3463 1334 3515 pere.
1405 3407 1406 3478 ί

227 3523 318 3583 geratz
341 3511 439 3581 „hodie
463 3530 517 3567 non
536 3518 683 3584 regnari:“
703 3519 787 3568 omnis
808 3518 877 3568 enim
897 3516 954 3569 dies
983 3520 1067 3570 omnis
1085 3519 1148 3570 doni
1168 3519 1290 3585 perlecti
1309 3528 1333 3570 et

227 3585 380 3654 largitionis
398 3586 532 3654 benignae
557 3588 627 3639 hune
653 3587 734 3639 babet
782 3589 911 3656 rgitorem
936 3596 963 3638 et
986 3589 1209 3657 benignissimum
1229 3593 1332 3658 prinei.
1405 3587 1406 3648 l

227 3671 304 3722 pem3
324 3666 403 3726 atque
423 3659 493 3708 omni
515 3659 614 3725 impetu
635 3674 668 3710 eo
687 3674 752 3726 proc
771 3658 858 3722 debat,
878 3667 907 3710 ut
924 3673 1003 3710 nemo
1024 3660 1234 3713 beneficientiae
1254 3663 1331 3714 huius

226 3725 427 3798 relinqueretur
448 3744 560 3795 expers:
583 3729 708 3782 laudabat
728 3732 798 3781 enim
818 3737 844 3781 et
856 3732 1022 3798 sagittarium
1041 3739 1070 3782 ut
1088 3732 1207 3784 scienter
1227 3734 1332 3785 iacien-

226 3805 326 3850 temet
353 3800 468 3851 iaculum
494 3802 526 3851 ad
550 3801 629 3852 linem
653 3808 874 3870 componentem,
901 3809 927 3852 et
951 3801 1082 3853 hastatum
1108 3810 1138 3852 ut
1156 3804 1332 3872 integerrime

227 3875 372 3922 certantem
392 3879 419 3922 et
440 3871 539 3922 hastam
561 3888 593 3922 ex
611 3874 725 3925 adverso
745 3879 911 3936 vertentem,
937 3881 964 3924 et
984 3875 1100 3941 equitem
1119 3881 1147 3924 ut
1169 3881 1251 3942 tergo
1271 3877 1332 3944 equi

226 3937 360 4003 intrepide
374 3943 533 3993 insidentem
545 3945 573 3994 ln
593 3945 733 4006 currendo,
754 3952 781 4000 et
794 3944 884 4010 gravis
905 3951 1052 3996 armaturae
1063 3943 1175 3996 militem
1193 3947 1222 3998 in
1243 3949 1330 3998 omni.
1405 4003 1406 4010 η

226 4005 285 4068 bus,
307 4015 333 4057 et
350 4009 429 4062 levis-
440 4022 588 4065 armaturae
607 4014 718 4065 militem
745 4022 771 4066 et
790 4013 937 4080 simplicem
954 4023 984 4066 ut
1002 4015 1129 4067 audaciae
1148 4018 1330 4068 testimonium
1405 4013 1406 4060 l

226 4074 410 4142 proferentem
430 4089 456 4131 et
474 4086 663 4149 persecutione
681 4101 738 4137 rem
756 4085 866 4153 petitam
886 4094 1070 4152 occupantem,
1088 4093 1115 4136 et
1133 4088 1286 4154 sapientem
1305 4097 1331 4140 ut

225 4147 360 4202 initiatum
378 4150 544 4221 melioribus,
563 4155 738 4225 miserabatur
752 4164 840 4210 autem
855 4164 881 4210 et
892 4159 980 4226 ipsum
994 4158 1165 4227 insipientem
1184 4158 1230 4216 vel
1252 4159 1330 4213 etiam
