2834 4750
244 323 314 402 tss
360 303 366 316 ’
527 329 746 401 mensura
776 330 1037 399 rrrnrorts

239 540 293 583 ιιαι
289 507 626 588 ύιιιναπαύσιιντεςι
612 511 748 588 εαυτούς
779 513 824 588 εἰς
844 510 883 594 ἢν
904 507 1124 578 τεθειΗκοσιν
1107 535 1141 576 εν
1162 536 1205 598 τη
1189 511 1359 574 ‘Blast-

240 613 347 698 λιβύδι
375 611 578 698 παρεμβολὴν
607 608 745 703 ᾤχοντο,
773 611 827 678 διὰ
858 616 913 694 τῆς
945 607 1057 686 νυκτύς
1091 607 1307 696 υπερβοὶντες
1326 608 1357 671 τύ

239 707 508 801 Σαρβαιύικύν”
490 737 563 798 ορος
598 740 649 779 και
682 716 728 788 εἰς
748 710 785 778 τύ
807 716 864 779 τοῦ
887 710 1001 777 Χύλεπ
1023 709 1250 785 ἐπελάσαντες
1273 702 1357 828 ὅρια.

239 813 506 899 ύπρακτησύντιον
542 809 599 880 ούν
628 817 688 880 τούν
711 813 745 880 ἐν
766 815 998 902 Μοψουιστύρ,
1021 811 1076 877 καί
1095 809 1139 895 pq*
1166 809 1358 896 εύρηκόται

239 915 315 1002 τούς
338 912 498 991 ἐναντίους
521 917 566 990 εἰς
588 910 665 1000 ὅπερ
689 907 825 999 ἤλπισαν
847 912 1056 998 καταγώγιον,
1077 913 1155 976 σι’νιά
1173 915 1246 992 μὲν
1270 911 1377 974 κατέ-5

239 1040 297 1100 σχε
318 1015 528 1100 τὸνβασιλέα
550 1013 749 1095 πυθόμενοι·
791 1011 861 1078 ἐπεὶ
880 1015 985 1077 δὲκαὶ
1006 1007 1104 1087 αύτύς
1125 1011 1264 1135 μικρὸν
1280 1004 1358 1073 ύπυ-

239 1122 298 1182 dan
317 1117 372 1201 τῆς
392 1113 427 1181 ἓν
442 1115 609 1206 Σελευκεύοι
623 1116 913 1188 Κλαυύιοοπόλεοις
935 1110 1103 1188 καταστύς
1113 1113 1197 1193 περὶ
1214 1113 1280 1194 τῆς
1302 1113 1358 1174 τῶν

240 1214 399 1297 πολεμίων
429 1214 627 1300 ἐμεμαθήκει
655 1219 781 1337 φυγῆς,
808 1211 1042 1298 σ’πισθύρμητος
1074 1213 1231 1298 γέγονεν’,
1258 1208 1358 1282 edelr

239 1319 298 1399 μὲν
322 1320 379 1399 τῆς
400 1314 633 1399 βασιλευούσης
664 1315 706 1391 ala
725 1317 781 1381 ιιαί
802 1317 860 1380 τού
880 1312 1066 1396 μετοπώρου
1095 1310 1279 1395 προϊόντος
1302 1336 1356 1374 κιι-
1407 1323 1409 1333 ’

239 1413 473 1499 τεπειγύμενος,
501 1412 608 1500 ετερον
642 1417 676 1479 δὲ
699 1413 777 1478 λαύν
794 1437 839 1490 εις
861 1413 900 1478 τὰ
932 1409 1060 1476 κατόπιν
1082 1411 1283 1476 καταλιπών
1307 1405 1386 1477 dedit

240 1513 357 1580 τὸκατ’
376 1509 504 1597 ἑτέρους
529 1513 691 1598 Τούρκους
711 1516 960 1599 καταληίζεσθαι
987 1511 1045 1595 τὴν
1067 1509 1264 1596 Ῥωμαϊκήν
1292 1512 1354 1593 γῆν,

240 1615 319 1680 κατὰ
344 1615 482 1700 φατριῗις
503 1617 558 1677 καί
574 1613 689 1700 μοι’ρας
713 1617 975 1697 διαιρουμένους,
1006 1617 1060 1675 κατ’
1092 1615 1355 1694 κατατρέχοντας

239 1712 296 1779 καί
316 1716 349 1778 τύ
371 1713 552 1798 προστυχὸν
577 1713 800 1800 α’φανιζοντας.
854 1713 1004 1790 εἰσιόντος
1027 1707 1085 1776 ούν
1105 1712 1165 1775 τού
1187 1711 1354 1793 βασιλέως

240 1815 274 1879 ὂν
290 1815 639 1892 Κωνστοντινουπύλει,
664 1817 712 1880 ἐπ’
729 1813 816 1880 οἴκου
838 1817 894 1878 ιιοιί
914 1812 953 1878 τύ·
973 1809 1082 1878 λοιπύν
1101 1814 1160 1877 τού
1186 1808 1355 1896 στρατεύ-

239 1937 338 1997 ματος
359 1915 483 2000 γέγονε·
516 1913 582 1996 καί
601 1914 636 1981 τύ
661 1911 729 1990 ἔτος
751 1915 897 1982 ἐτελεύτα
919 1914 1037 2001 dusino,
1060 1917 1265 1990 ἰνδικτιοιῖνος
1287 1914 1382 1976 s’sc-tt

119 2009 144 2082 tl.
164 2027 231 2084 1070
240 2021 395 2104 σταμένης
417 2014 443 2103 η’
465 2017 520 2082 τού
543 2017 640 2111 ,ςφοῆ
666 2015 774 2101 ἔτους,
797 2008 848 2081 ὅτε
866 2019 923 2080 καί
942 2013 977 2079 τύ
1001 2017 1148 2100 μέγιστον
1170 2012 1268 2098 ἱερὸν
1291 2014 1351 2076 τοῖν

240 2121 434 2203 Βλαχερνοόν
455 2119 514 2193 ἕως
536 2120 678 2204 ἐδάφους
701 2117 920 2202 ε’πυρπολήθη.
964 2202 967 2208 Ι
1409 2114 1410 2119 ’

339 2226 426 2290 'Ense'
447 2228 482 2292 δὲ
502 2226 537 2290 τύ
555 2225 613 2312 ἔαρ
635 2227 871 2314 ύποφαύνεσθαι
888 2220 1018 2309 ἤρξατο,
1040 2228 1199 2308 ἐσκέψατο
1222 2230 1269 2316 τῇ
1289 2231 1350 2310 βα-

241 2327 340 2395 σιλύδι
372 2335 521 2414 nopsiaco
555 2324 743 2411 ύβασιλεύς
772 2329 826 2391 καί
855 2326 912 2411 τήν
933 2325 1103 2411 ἡγεμονίαν
1124 2329 1184 2391 τού
1204 2329 1350 2415 στρατοῦ

241 2428 319 2513 πρὸς
346 2454 402 2513 την
430 2421 513 2494 ειύαν
536 2453 582 2493 ενι
613 2431 676 2494 τοῖν
698 2428 897 2512 προεχόντων
929 2431 1136 2508 ε’μπιστευσαι
1160 2426 1347 2511 Ῥωμαίων.
1357 2449 1384 2502 uo

240 2532 412 2649 προκρίνας
441 2523 499 2595 ούν
529 2528 689 2627 Μονουύλ
715 2529 978 2615 πρωτοπρύεδρου
1010 2528 1062 2592 τὸν
1086 2528 1274 2615 Κομνηνύν,
1297 2555 1349 2594 κπι

240 2632 282 2717 τῷ
303 2626 359 2693 τού
380 2628 622 2715 κουροπαλύτου
643 2624 780 2714 τιμήσας
811 2630 977 2712 α’ξιούματι,
999 2629 1178 2717 στρατηγὸν
1201 2654 1264 2695 του
1288 2656 1350 2696 πο-

240 2730 338 2811 λέμου
369 2727 426 2794 καί
450 2726 591 2827 αρχηγύν
622 2733 680 2795 τού
713 2732 951 2819 στρατεύματος
983 2732 1346 2802 deuteronomos

240 3061 275 3097 ex
292 3044 376 3111 captis
407 3044 561 3114 quibusdam
584 3045 744 3099 Graecorum
769 3045 949 3111 mopsuestiae
975 3053 1153 3110 conventum,
1175 3060 1230 3098 non
1252 3060 1346 3113 parum

239 3117 333 3169 morati
352 3125 378 3169 et
396 3132 426 3171 se
443 3118 597 3171 reficientes
617 3120 645 3169 in
664 3117 758 3170 castris
777 3131 841 3184 quas
860 3125 1006 3183 posuerant
1022 3116 1199 3182 Blntililsade,
1218 3117 1347 3171 abierunt

240 3197 423 3256 pernoctem,
442 3193 602 3259 transgressi
622 3198 739 3241 montem
758 3188 945 3241 Sarbandicurn
974 3197 1001 3239 et
1026 3189 1058 3239 ad
1085 3187 1199 3255 Chulepi
1224 3189 1343 3254 proiecti

226 3261 315 3321 'fines
355 3276 413 3312 cum
431 3261 514 3328 igitur
532 3264 578 3329 qui
596 3262 775 3328 Mopsuestiue
796 3268 886 3312 essent
904 3259 972 3311 nihil
997 3267 1109 3327 agerent
1135 3275 1225 3327 neque
1250 3260 1345 3313 hostes

240 3331 481 3399 deprehendissent
500 3332 528 3383 in
547 3332 643 3398 quihus
662 3331 773 3383 latebris
792 3340 976 3399 speraverant,
995 3331 1135 3397 aegritudo
1155 3331 1272 3384 obtinuit
1296 3348 1345 3387 ae.

240 3418 301 3472 gent
320 3411 459 3469 postquam
479 3402 546 3453 haec
565 3404 675 3454 audivit.
715 3418 773 3453 curn
793 3411 880 3454 autern
901 3410 928 3453 et
946 3404 1004 3469 ipse
1017 3401 1124 3469 paulum
1146 3401 1346 3469 aClaudiopoli

241 3475 309 3527 urbe
329 3472 470 3526 Seleuciae
488 3488 518 3523 se
537 3474 702 3525 constituens
723 3473 837 3525 hostiurn
856 3474 1003 3526 audivisset
1016 3474 1116 3541 lugam,
1135 3474 1237 3524 reverti
1257 3476 1347 3540 eoepit

246 3546 349 3614 regium
367 3558 472 3614 versus,
494 3558 553 3602 cum
579 3544 657 3593 etiam
677 3552 832 3597 auctumnus
851 3546 1012 3613 procederet
1036 3546 1087 3595 iter
1113 3544 1292 3609 accelerans,
1321 3552 1346 3595 et

248 3617 328 3669 aliam
346 3614 485 3682 reliquens
501 3628 519 3675 ⁸a
537 3621 614 3681 tergo
634 3630 739 3665 manum
763 3618 824 3682 quia
852 3619 931 3667 etiam
955 3616 1001 3667 alii
1026 3616 1126 3667 Turcae
1152 3616 1346 3680 praedabantur

187 3746 189 3749 ,
248 3686 374 3745 Graecam
392 3694 489 3736 terrant
516 3685 659 3737 secundum
685 3694 780 3752 gentes
806 3695 833 3737 et
858 3696 948 3754 partes
972 3688 1051 3740 divisi
1077 3696 1104 3738 et
1126 3688 1295 3739 incurrentes
1320 3694 1346 3736 et

243 3773 312 3825 qnae
332 3756 438 3809 obviam
458 3764 547 3807 essent
567 3755 697 3819 delentes.
736 3772 794 3807 cum
814 3759 896 3825 igitur
914 3776 962 3811 rex
982 3757 1234 3824 Constantinopolin
1258 3759 1343 3809 intra-

243 3835 293 3891 ret,
314 3828 392 3877 domi
404 3828 482 3876 etiam
501 3825 621 3895 reliquus
633 3836 689 3879 erat
708 3829 858 3882 exercitus:
879 3838 907 3881 et
924 3845 1008 3881 annus
1025 3831 1106 3880 desiit
1124 3826 1183 3893 ille,
1195 3829 1341 3879 indictione

240 3897 310 3949 lllll.
330 3898 445 3947 instante
463 3899 525 3948 anni
543 3898 629 3951 6578:
649 3900 754 3967 quando
774 3902 852 3951 etiam
871 3903 1012 3953 maximum
1030 3899 1156 3967 templum
1176 3899 1342 3952 Blacherna-

240 3984 297 4021 turn
318 3983 404 4035 nsque
423 3968 455 4018 ad
473 3968 559 4021 solum
577 3970 633 4039 igni
653 3980 848 4023 concrematum
876 3982 925 4026 est.

345 4064 409 4117 Gunr
429 4072 518 4117 autem
537 4084 586 4119 ver
604 4083 734 4135 apparere
753 4071 898 4136 coepisset,
917 4072 1010 4122 statuit
1027 4070 1119 4138 regiae
1138 4068 1233 4121 adesse
1250 4084 1299 4119 rex
1318 4076 1343 4118 et

246 4138 386 4202 imperium
407 4140 651 4192 exercituscontra
665 4143 795 4195 orientem
806 4140 887 4196 alicui
897 4142 1027 4194 nobilium
1047 4141 1157 4192 credere
1169 4140 1342 4193 Graecorum:

250 4208 355 4280 eligens
379 4208 462 4279 igitur
480 4211 628 4266 nannetem
646 4214 788 4263 maximum
807 4214 954 4279 praesidem
974 4213 1154 4279 conruerunt,
1180 4219 1206 4262 et
1226 4211 1343 4279 curopa-
