2834 4750
237 269 313 348 222
543 263 764 340 ntentsus
793 261 1058 336 nasamonas
1099 317 1104 322 -

234 461 306 516 ποις
326 435 382 502 καί
400 432 525 519 κτήνεσι
546 431 603 498 τδν
627 435 698 514 βίον
720 434 918 516 πεποίηνται,
948 433 1006 515 καί
1025 426 1211 513 διατριβήν
1229 427 1359 512 ἦδιίττην

235 545 290 605 καί
311 534 502 623 α’πρτίχμονα
530 529 586 598 καί
614 531 792 618 χαρίεσσαν
814 535 915 620 πάντη
939 534 994 595 καί
1022 531 1172 610 εὖζοοίαν
1192 532 1360 614 παρέχου-

234 663 297 706 σιν.
342 635 372 701 oi
399 629 456 700 otiu
477 633 536 720 την
561 631 718 720 Ἰβηρικὴν
738 636 912 715 οἰκοῦντες,
934 623 1048 716 ἄνδρες
1067 628 1311 712 α’νδρειότατοί
1327 656 1359 695 τε

234 731 323 816 ὄντες
352 741 408 803 καί
428 737 571 820 ἰσχυρῶς
591 735 839 814 παλαμοίμενοι,
870 733 923 796 διδ
945 730 1063 806 παντὸς
1085 738 1156 806 τοῖς
1174 732 1357 826 Ῥρομαιόις

234 840 482 920 διτεαολίμουν,
516 839 571 900 καί
600 836 767 920 καρτερίας
796 831 874 918 ἔργα
905 832 960 897 καί
986 835 1106 916 α’ρετῆς
1143 837 1220 896 κατ’
1250 832 1375 899 ατίτοῖνό

233 943 471 1008 ἐπεδείκνυντο·
506 938 562 1001 καί
580 937 746 1018 δυσχερῶς
769 935 877 1000 αὐτῶν
898 931 928 997 oi
945 933 1109 1016 ‘Paneion
1131 938 1285 1022 μεγίστῳ
1301 934 1356 998 καί

233 1041 412 1128 swenstorp
441 1039 558 1122 θάρσει
587 1038 644 1100 καί
671 1033 905 1120 ιίνεκδιηχὴτοτς
935 1033 1053 1118 ὁρμαῖς
1074 1037 1292 1117 ἐκυρίευσαν,
1312 1030 1353 1108 οἷς

234 1139 287 1205 διδ
309 1137 426 1225 χρόνον
448 1136 588 1214 σπονδὰς
610 1137 853 1220 ἐπιτελεσθῆναι
873 1140 994 1212 τούτοις
1014 1135 1070 1200 κοί
1084 1135 1217 1218 α’ναμίξ
1239 1132 1354 1202 σύνδε-

233 1265 284 1308 σιν
310 1243 343 1318 ἐξ
365 1240 606 1325 ,ίπιχαμβρείας
634 1240 689 1302 καί
708 1240 875 1319 μετοικιοῖν
902 1235 983 1322 πρδς
1003 1231 1181 1321 ἇλλὴλους·
1232 1232 1286 1300 διὸ
1303 1240 1354 1301 κατ’

235 1341 252 1406 δ
271 1344 368 1427 μέγας
389 1345 424 1408 ἐν
444 1344 614 1423 βασιλεῦσι
646 1340 702 1404 καί
731 1340 940 1419 παναοίδιμος
961 1342 1214 1414 Κωνσταντίνος
1237 1347 1380 1422 μοῖρανλυ

234 1445 293 1506 oris
314 1445 485 1527 ἐλαχίστην
507 1445 640 1521 ἐκεῖθεν,
662 1442 696 1505 ἐκ
717 1441 780 1505 τῶν
798 1434 955 1522 ἑσπερίων
972 1435 1113 1524 Ἰβήρων,
1141 1437 1351 1521 οἶποτεμόμε·

232 1563 287 1617 νος
307 1543 353 1616 τίς
374 1541 433 1626 τὴν
454 1538 538 1606 imao
557 1541 731 1630 μετῴκισεν
745 1537 779 1606 ἐν
799 1548 864 1615 τοῖς
882 1544 936 1624 τῆς
954 1543 1126 1624 Ἀσσυρίας
1146 1543 1281 1623 μέρεσι,
1304 1544 1354 1606 καί

234 1642 339 1709 ἔκτοτε
367 1641 426 1726 τὴν
454 1645 565 1727 κλῆσιν
595 1649 653 1726 τῆς
681 1644 818 1727 Ἰβηρίας
850 1641 872 1724 ἦ
904 1642 1058 1724 δεξαμένη
1090 1644 1231 1724 τούτους
1260 1643 1351 1726 χοίρα
1399 1712 1400 1721 ¹

233 1747 422 1826 προσέλαβε.
466 1739 621 1828 πρότερον
644 1739 707 1826 γάρ
738 1742 902 1824 Ἀσσύριοι
928 1744 984 1805 καί
1010 1738 1128 1825 ταύτην
1159 1730 1273 1826 ᾤκουν
1302 1739 1352 1823 τήν
1399 1750 1400 1759 ’

234 1842 357 1931 χώραν,
382 1842 489 1910 ἔπειτα
513 1845 637 1927 Μῆδοι,
658 1841 741 1924 μετὰ
761 1843 797 1906 δὲ
816 1844 951 1926 χ’ρὸνους
974 1838 1102 1917 ἱκανοὺς
1121 1839 1154 1906 οἱ
1175 1831 1401 1926 ἈρμένιονλοΙ

236 1946 291 2012 καί
311 1949 368 2010 ου’κ
385 1937 425 2010 dv
445 1938 536 2030 είίροι
550 1968 597 2020 τις
620 1944 674 2008 ἐπί
695 1947 759 2009 todo
780 1936 847 2007 οἴνου
866 1939 993 2027 χρόνων
1007 1936 1139 2027 Ἴβηρας
1159 1967 1351 2028 μνημονευ-

236 2050 351 2130 μδνους
373 2049 515 2112 ἐνταῦθα
536 2048 569 2110 ἐν
591 2052 740 2123 παλαιαῖς
761 2042 928 2130 ἱστορίαις,
948 2047 979 2109 εἰ
997 2040 1042 2126 μη
1065 2046 1099 2120 ἐξ
1122 2033 1229 2124 οὗπερ
1255 2048 1350 2109 Κοιν-

235 2155 396 2224 σταντῖνος
417 2148 547 2222 τούτους
578 2145 697 2211 αιίτόδι
730 2145 913 2232 κατῴκισεν.
955 2148 990 2208 ἐκ
1018 2145 1142 2208 τούτων
1160 2137 1233 2227 (οὖν
1261 2142 1348 2228 εἴπερ

237 2243 267 2312 οἱ
287 2249 323 2310 ἐκ
342 2251 398 2312 τοῦ
418 2251 528 2330 γένους
550 2249 618 2313 τοῦ.
631 2249 735 2311 Φαννί
757 2246 929 2332 μετοίληξιν
952 2241 1038 2329 εἶχον
1059 2243 1253 2329 γίνουςςοὶς
1277 2243 1349 2327 δμο-

236 2351 352 2435 χοίροον
369 2353 545 2434 γινομένων
566 2353 642 2415 ποτὲ
660 2351 716 2414 κατ’
735 2343 945 2433 αὐτοχθόνων
970 2345 1033 2412 cini
1054 2350 1109 2433 τῆς
1128 2350 1164 2413 ἐν
1184 2345 1379 2437 τῄῬοίμηιυ

104 2470 124 2526 l.
142 2470 194 2527 215
203 2486 226 2525 r.
236 2456 404 2537 συμφυίας
427 2453 483 2517 καί
509 2452 703 2531 συναυλίας,
729 2453 865 2532 ου’δεμία
887 2446 1028 2537 διαφορά
1048 2448 1189 2532 εδχενῶν
1209 2452 1272 2514 αἴτι’
1294 2452 1349 2514 α’λ-

237 2552 342 2639 ληλαν
375 2556 431 2620 καί
461 2554 616 2641 α’νδρείοιν
645 2552 905 2639 συνεληλυθότων
933 2554 978 2628 είς
1009 2554 1089 2633 μιᾶς
1114 2549 1349 2637 συμπλήρωσιν
1399 2549 1400 2552 ’

238 2654 448 2751 κοσμίοτητος.
477 2686 482 2695 ·
672 2735 674 2738 ¹
807 2676 814 2721 t
917 2659 920 2664 ’

179 2980 184 2986 ·
240 2986 361 3027 securam
381 2980 520 3044 etgrstam
538 2978 645 3031 omnino
664 2985 692 3029 et
709 2978 791 3031 vitam
808 2976 949 3030 lautiorem
967 2975 1106 3044 praebent
1126 2976 1243 3029 iberiam
1263 2978 1343 3046 igitur

239 3046 418 3100 inhabitantes
438 3049 504 3113 viri,
531 3049 669 3103 fortissimi
689 3058 717 3101 et
734 3048 814 3101 valde
830 3050 949 3119 strenui,¹
963 3049 1070 3099 omnino
1093 3056 1187 3101 contra
1207 3050 1342 3101 Romanos

239 3118 313 3171 belle
332 3119 472 3188 gerebant,
493 3129 519 3172 et
530 3123 677 3189 patientiae
694 3121 764 3173 sacta
778 3129 857 3188 atque
867 3122 975 3172 virtutis
986 3128 1079 3171 contra
1091 3136 1139 3172 eos
1158 3122 1340 3173 ostendeban-

242 3198 294 3255 tur,
306 3199 386 3259 atque
405 3206 487 3259 aegre
506 3194 539 3245 iis
549 3193 660 3245 Romani
681 3194 794 3245 maxima
813 3200 840 3243 et
858 3192 1022 3244 irresistibili
1040 3193 1150 3244 andacia
1172 3200 1201 3243 et
1222 3194 1339 3261 ingenti.

237 3261 287 3315 bus
306 3263 409 3315 viribus
428 3265 582 3329 superiores
603 3271 664 3317 sunt
686 3265 769 3316 iacti:
790 3264 831 3320 ita
849 3272 878 3314 ut
896 3266 995 3315 sensim
1015 3265 1154 3330 pactiones
1173 3265 1338 3330 perliceren.

237 3342 280 3385 tur
298 3334 339 3385 bis
359 3342 386 3385 et
404 3335 520 3386 invicem
540 3338 697 3402 compositio
714 3351 749 3387 ex
766 3334 897 3388 affinitate
916 3343 944 3385 et
960 3335 1063 3387 sedium
1080 3336 1151 3386 inter
1170 3350 1202 3387 se
1221 3351 1337 3388 commu-

236 3406 328 3457 nione.
367 3403 537 3473 quamobr'em
566 3410 644 3459 etiam
668 3422 780 3474 magnus
798 3408 867 3460 inter
891 3422 970 3474 reges
996 3414 1024 3457 et
1042 3407 1151 3458 omnino
1171 3408 1336 3459 venerandos

236 3476 427 3530 Constantinus
447 3486 549 3545 partem
567 3494 621 3530 non
639 3480 773 3529 minimam
791 3480 854 3530 inde
868 3494 901 3529 ex
918 3478 1040 3531 iberibus
1058 3478 1274 3530 occidentalibus
1292 3478 1335 3529 nb-

237 3550 361 3602 scindens
380 3550 408 3601 in
433 3551 564 3602 orientem
582 3551 763 3616 transposuit,
788 3557 817 3600 ut
839 3549 990 3601 habitarent
1006 3551 1035 3601 in
1054 3549 1184 3616 Assyriae
1204 3550 1334 3617 partibus:

237 3628 317 3689 atque
336 3621 399 3672 inde
419 3636 451 3672 ex
470 3636 502 3673 eo
516 3630 636 3688 ternpore
649 3636 745 3673 nomen
758 3620 862 3672 iberiae
879 3628 952 3671 terra
969 3636 1038 3688 quae
1054 3622 1162 3688 excepit
1179 3620 1241 3686 bos,
1261 3637 1335 3673 acce-

236 3694 286 3759 pit.
307 3701 385 3746 antea
405 3693 475 3745 enim
483 3693 589 3759 Assyrii
609 3701 635 3744 et
654 3693 723 3744 hanc
739 3692 893 3744 incolebant
910 3700 1025 3755 terram,
1044 3691 1141 3744 deinde
1152 3693 1235 3759 Medi,
1254 3694 1335 3759 plari.

237 3762 287 3817 bns
306 3764 471 3831 temporibus
489 3771 551 3831 post
559 3766 690 3829 Arnrenii,
710 3780 799 3831 neque
812 3763 933 3815 inveniat
951 3765 1090 3831 quisquam
1109 3764 1181 3831 quod
1198 3766 1234 3816 ad
1251 3765 1336 3831 priora

238 3841 358 3903 tempora
376 3837 494 3903 pertinet
503 3835 594 3889 Iberes
614 3843 832 3887 commemoratos
851 3832 889 3885 ibi
907 3835 935 3884 in
952 3834 1067 3901 antiquis
1087 3834 1218 3899 historiis,
1236 3836 1336 3887 nisiex

238 3919 292 3972 qno
310 3922 420 3976 magnus
441 3907 630 3961 Constantinus
657 3908 699 3959 his
719 3906 755 3958 ibi
772 3906 852 3958 sedes
871 3905 952 3957 dedit.
997 3921 1030 3956 ex
1048 3904 1091 3956 his
1109 3907 1191 3973 igitur
1210 3906 1336 3974 siquidem

239 3977 285 4043 qui
305 3992 320 4026 o
338 3994 440 4045 genere
458 3978 564 4031 Phocae
590 3988 664 4031 erant
683 3979 856 4042 mutationem
873 3976 1007 4028 habebant
1024 3978 1142 4044 generis,
1162 3978 1265 4045 qnippe
1282 3993 1336 4029 curn

239 4051 518 4101 conterraneiscssent
538 4058 564 4101 et
582 4052 725 4119 indigenae
755 4037 908 4104 aliomana
933 4048 1124 4100 coniunctione
1144 4057 1172 4099 et
1190 4064 1335 4101 concanora.

237 4118 314 4169 tione
333 4117 409 4171 nulla
427 4114 568 4173 diversitas
588 4122 682 4173 incidit
699 4121 831 4173 nobilium
848 4121 965 4175 invicem
985 4128 1012 4172 et
1028 4120 1149 4186 fortium,
1168 4122 1217 4189 qni
1236 4137 1334 4175 conve·

238 4198 335 4244 nerunt
352 4190 380 4243 in
399 4190 478 4243 unius
496 4193 718 4257 compositionem
738 4194 848 4245 ordinis.
