2834 4750
240 288 319 363 mo
546 288 767 359 menaeus
796 284 1058 355 amauromu
1184 378 1186 384 ,
1401 325 1402 401 ι

239 454 320 541 γίλρ
341 456 537 535 προίκοπτε,
559 455 625 538 θεῷ
643 454 708 533 μὲι
726 449 785 525 τὰς
806 449 906 533 εόχός
927 447 1063 514 ἐπετέλει
1090 446 1149 509 καί
1173 466 1266 527 προς
1287 438 1360 507 ἐκεῖ·
1401 440 1402 519 ι

243 578 295 619 νον
315 557 488 637 α’νεπτόρου
511 553 567 619 τόν
587 556 678 636 νοῦν,
698 562 764 628 τοῖς
788 556 816 615 θ’
838 548 987 635 όπηκόοις
1008 547 1066 625 τός
1089 546 1295 629 εὐεργεσίας
1316 546 1360 607 κατ’
1401 570 1402 585 ¹

244 652 371 738 θυρεός
403 656 459 734 καί
478 653 596 736 τιμάς,
624 649 808 737 ποταμηδόν
839 654 1062 735 προσεπὲχεεν.
1112 643 1187 713 εἶτα
1223 649 1286 709 καί
1313 650 1359 729 τῆς

241 758 460 839 μεσημβρινῆς
483 756 706 837 μυσταγωγίας
730 746 783 817 εἶτ’
796 746 854 816 σόν
868 754 1066 833 λειτουργίας
1090 751 1357 835 ἅρχομένηςπο-

245 858 397 937 ραχρῆμα
412 857 470 917 τοῦ
484 856 540 938 τῆν
556 851 694 937 ἓτοθινῆν
707 855 897 935 τελεσθῆναι
911 851 1105 933 όοξολογίαν,
1124 849 1193 913 οὖν
1212 846 1372 929 α’πείχετοι

241 959 297 1039 τῆς
308 956 354 1029 εἰς
366 954 443 1021 θεόν
455 950 697 1037 παραστάσεως,
709 957 769 1029 ἓως
782 956 837 1018 καί
848 949 927 1036 αότη
938 955 1153 1035 συνετελέσθη
1168 952 1281 1032 μέχρι
1291 974 1353 1011 παν.

242 1056 299 1132 τός
314 1065 380 1132 τοῖς
391 1053 612 1141 όερατεόουσιν
627 1056 781 1137 εὐλαβῶς.
803 1054 859 1117 καί
872 1054 909 1117 ori
923 1053 1019 1133 μόνον
1031 1055 1064 1117 ἐν
1078 1060 1151 1125 τοῖς
1166 1049 1353 1131 ἀνακτόροις

241 1156 276 1221 τό
302 1162 357 1240 τῆς
387 1156 539 1240 τοιαύτης
572 1154 884 1243 θεοσεβειαςτοότερ
908 1151 1098 1235 ἐπράττετο,
1133 1149 1232 1215 ἄλλα
1256 1152 1311 1213 καί
1327 1147 1354 1211 ἐν

124 1297 129 1305 ι
186 1280 197 1291 ·
242 1267 314 1335 ταῖς
334 1256 510 1341 πανόῆμοις
533 1251 658 1337 ἑορταῖς
672 1272 708 1320 τε·
728 1259 781 1321 ναί
801 1252 1034 1339 προελεύσεσιν,
1059 1246 1141 1317 όταν
1161 1256 1214 1341 τῷ
1239 1251 1353 1337 μεγόλρ
1403 1246 1404 1257 ’

241 1364 362 1442 τεμένει
385 1361 440 1441 τῆς
464 1361 519 1421 τοῦ
539 1362 619 1420 θεοῦ
639 1356 732 1439 ἁγίας
746 1362 863 1442 σοφίας
887 1358 1057 1441 ἐπιφοιτῶν
1080 1350 1122 1437 ῆν
1145 1352 1242 1435 μετὰ
1268 1355 1384 1434 δορυ-ω

244 1464 361 1546 φορίας
388 1462 443 1523 καί
467 1453 558 1543 δόξης
581 1458 846 1542 ου’ρανοβόμονος,
873 1450 893 1540 ῆ
916 1460 959 1543 τῷ
981 1459 1193 1543 α’ποστολικηῖ
1215 1457 1278 1519 καί
1303 1476 1356 1534 με·

243 1560 329 1648 γόλιρ
352 1561 426 1645 ναῷ,
450 1552 584 1647 ῆὲτίριρ
606 1560 668 1622 τεόν
691 1556 819 1637 ἔξωθεν.
863 1561 926 1621 τεόν
951 1554 1012 1645 γόρ
1034 1556 1095 1638 πρό
1119 1558 1356 1638 τοῦβασιλὲαι
1404 1610 1405 1621 ,

242 1658 324 1743 μετό
353 1656 411 1741 τῆν
433 1662 491 1722 τοῦ
518 1662 610 1722 θείου
638 1653 823 1743 εόαγγελίου
845 1654 1018 1739 ἀνάγνωσιν
1047 1658 1354 1739 α’παναχωροόνταν

244 1764 366 1827 ἐκεῖθεν
397 1759 580 1832 σπουδαίας
610 1761 664 1823 ἐπί
693 1759 864 1843 α’ναιτῆσει
892 1762 948 1823 τοῦ
979 1755 1074 1822 κόπου
1106 1763 1165 1823 ναὶ
1201 1750 1352 1821 ἀποθέσει

244 1862 300 1945 τῆς
319 1858 353 1925 ότι
373 1863 434 1927 τεόν
457 1863 557 1923 λίθων
578 1858 633 1923 καί
650 1863 826 1943 μαργόριον
846 1860 1028 1945 βαρυτάτης
1041 1862 1159 1941 σκευῆς
1179 1863 1243 1924 καί
1253 1860 1381 1922 einai-ii

245 1965 326 2049 λαγῆ
347 1965 411 2027 τοῖν
432 1961 577 2025 α’πλίτων
597 1958 762 2044 θορύβων,
787 1960 883 2035 αὐτός
901 1963 996 2025 ου’όὲν
1017 1959 1164 2026 τοιοῦτόν
1187 1983 1271 2024 ποτε
1293 1961 1353 2022 διε·
1405 1953 1406 2023 ό

244 2061 401 2147 πρόξατο,
426 2061 501 2126 οίόό
522 2064 576 2143 τῆς
596 2061 689 2134 θείας
712 2067 940 2144 μυσταγωγίας
960 2059 1015 2145 τῆν
1044 2064 1167 2127 οἰκείαν
1199 2060 1351 2125 α’νοίπαο-

243 2187 296 2228 σιν
318 2164 371 2227 καί
391 2160 518 2247 τρυφῆν
538 2165 757 2246 προετίμησεν,
779 2162 848 2226 αλλ’
869 2161 929 2238 ἓως
953 2168 1062 2239 τέλους
1082 2164 1135 2245 τῆς
1161 2160 1262 2245 ἱερᾶς
1292 2167 1353 2223 λα-

202 2306 217 2334 .
242 2268 392 2345 τοαργίας
413 2264 555 2345 εόπαγῆς
579 2264 690 2326 ἵστατο
699 2308 717 2339 -,
748 2266 813 2351 θεῷ
835 2266 1041 2348 προσανέχειν
1065 2253 1190 2343 ὄμματι
1213 2262 1352 2342 υἷαλιιεῖ,

244 2365 299 2430 καί
318 2363 373 2430 τόν
394 2364 516 2431 όιιείιου
536 2362 795 2446 α’πομιμυόμενος
819 2361 916 2447 ἔλεον,
937 2368 971 2430 ἐν
993 2356 1040 2440 οἷς
1061 2362 1103 2428 τό
1124 2364 1209 2448 γέρα
1227 2365 1285 2428 καί
1297 2361 1383 2437 ericii

242 2462 337 2546 τιμός
362 2464 507 2550 ε’φῆπλου
531 2467 610 2530 πᾶσι
631 2475 697 2542 τοῖς
720 2469 836 2542 πιστοός
857 2463 1119 2548 προσεδρεύουσι.

346 2570 494 2644 Τοιοῦτος
515 2565 576 2650 γόρ
598 2562 655 2653 ῆν,
685 2568 916 2649 εόσεβίστατος
945 2569 1002 2632 καί
1027 2567 1220 2644 πιστότατος
1253 2570 1350 2634 ου’τε-

243 2665 509 2755 operaremini
531 2662 596 2732 ὄντι
618 2666 850 2756 φιλόχριστος,
884 2667 1063 2758 πραόταεός
1083 2693 1140 2751 τε,
1176 2667 1270 2755 εἴπερ
1302 2695 1349 2746 τις

316 2840 358 2894 12.
376 2842 517 2913 μιαιωι
537 2841 567 2896 o.

243 3006 325 3078 gebat
341 3008 471 3060 animum:
494 3007 622 3061 subiectis
639 3015 728 3060 autem
746 3007 878 3061 beneficia
898 3016 924 3059 et
941 3009 1010 3062 dona
1029 3017 1056 3062 et
1069 3009 1187 3064 honores
1206 3012 1289 3066 fluvii
1306 3015 1348 3066 in.

245 3088 299 3134 star
318 3077 483 3132 effundebat:
504 3079 599 3131 deinde
609 3081 688 3132 etiam
702 3079 825 3132 meridiei
837 3081 989 3132 initiatione
1003 3083 1116 3147 mystice
1125 3084 1186 3136 sive
1195 3086 1348 3138 ministerio

244 3153 336 3204 divino
361 3151 508 3218 incipiente
535 3153 624 3203 stetim
648 3160 788 3220 postquam
815 3154 943 3203 matutina
975 3153 1096 3204 absoluta
1122 3163 1162 3206 est
1187 3156 1348 3220 celebratio,

243 3237 298 3275 nou
317 3238 347 3274 se
365 3221 530 3286 removebat,
550 3223 690 3291 quominus
711 3223 761 3274 deo
780 3223 901 3287 adesset,
929 3224 1015 3275 donee
1035 3225 1113 3275 etiem
1135 3226 1204 3278 haee
1226 3228 1349 3280 absoluta

245 3301 335 3346 essent
361 3293 469 3345 omnino
489 3309 505 3345 ε
524 3295 707 3346 sacerdotibus
726 3296 789 3361 pio:
812 3310 901 3362 neque
929 3294 1016 3345 solum
1034 3296 1062 3347 in
1080 3298 1158 3364 regia
1175 3297 1240 3350 telis
1260 3301 1348 3352 cultus

244 3365 277 3418 ab
306 3379 338 3415 eo
359 3364 493 3433 agebatur
520 3367 666 3417 sedetiam
693 3367 722 3417 in
740 3365 856 3432 publicis
885 3366 960 3418 iestis
989 3373 1016 3416 et
1034 3370 1160 3435 pompis:
1187 3373 1298 3437 quando
1317 3371 1349 3422 ad

243 3451 365 3505 mamm
391 3436 480 3488 fanum
508 3445 616 3489 sanctae
643 3437 687 3488 dei
713 3437 860 3502 sapientiae
890 3437 1035 3489 accedebat
1059 3453 1118 3490 curn
1136 3441 1304 3494 satellitibus
1324 3451 1348 3493 et

243 3510 330 3579 glorie
350 3507 455 3559 coelum
469 3516 645 3576 assequente,
671 3509 767 3560 autad
786 3507 969 3575 apostolorum
993 3525 1116 3578 magnum
1144 3513 1277 3579 templum
1304 3513 1348 3566 rel

243 3581 316 3632 eiiad
336 3587 515 3631 externorum.
559 3595 618 3631 cum
638 3580 707 3630 enim
727 3579 832 3646 priores
860 3596 939 3648 reges
958 3589 1020 3646 post
1038 3581 1122 3634 divini
1142 3586 1286 3653 evangeiii
1306 3586 1347 3638 le.

244 3654 360 3704 ctionem
378 3651 538 3702 recederent
556 3652 619 3702 iude
638 3651 757 3702 studiose
770 3650 802 3701 ud
820 3651 989 3702 reficiendam
1009 3653 1232 3720 defatigationem
1253 3666 1281 3708 et
1299 3659 1347 3709 de.

243 3725 394 3792 ponendum
412 3722 528 3789 lapidum
554 3731 581 3773 et
609 3723 738 3773 unionum
759 3725 945 3789 gravissimum
972 3733 1125 3790 apparatum
1145 3735 1174 3778 et
1191 3727 1346 3781 liberendos

242 3811 273 3848 se
291 3795 325 3847 ab
343 3795 471 3846 immensa
488 3793 584 3858 turbe,
603 3795 663 3861 ipse
682 3793 750 3845 nihil
773 3793 828 3845 tale
846 3809 961 3862 unquam
984 3796 1116 3861 perfecit,
1136 3814 1230 3867 neque
1249 3801 1347 3852 divinis

130 3864 137 3874 ’
242 3868 377 3932 mysteriis
398 3881 472 3918 suam
495 3867 643 3934 requietem
665 3874 693 3917 et
707 3864 848 3916 mollitiem
875 3866 1018 3932 praetulit:
1045 3869 1091 3919 sed
1110 3885 1196 3937 usque
1215 3873 1251 3924 ad
1269 3873 1347 3924 tinen

243 3940 313 3988 sacri
339 3939 481 3990 ministerii
507 3938 597 3990 firmus
621 3936 756 4001 adstabat,
775 3936 825 3988 deo
855 3939 973 3989 intentus
992 3938 1071 3990 oculo
1095 3941 1204 3992 immoto
1227 3951 1257 3994 et
1275 3943 1347 3996 illius

243 4009 349 4060 initeris
365 4010 583 4062 misericordium.

341 4104 415 4157 inter
444 4120 513 4173 quee
537 4108 654 4174 insignia
679 4117 706 4158 et
726 4107 843 4160 honores
873 4109 969 4160 edebat
986 4110 1107 4162 omnibns
1126 4110 1178 4161 fide
1197 4094 1347 4168 midensi.

242 4175 308 4254 ins:
327 4173 391 4228 telis
409 4179 480 4228 enirn
499 4188 558 4232 erat
574 4179 709 4244 piissimus
724 4188 751 4230 et
762 4179 904 4234 fidissimus
914 4183 1075 4248 imperator:
1094 4189 1122 4233 et
1138 4197 1250 4250 revera,
1265 4185 1347 4244 chri.
