2834 4750
527 329 736 438 nuruum.
846 338 850 344 ·
941 284 943 291 ’
1106 325 1180 400 tor

56 509 188 594 μάτων
210 511 287 594 ου’χί
305 511 439 593 μικρῶν.
462 501 500 590 ἦν
517 503 578 590 γάρ
601 505 680 586 μετά
706 507 766 570 τῶν
788 497 889 570 άλλων
911 507 1014 569 κακῶν
1036 505 1091 568 καί
1111 499 1186 585 περί

57 617 337 698 φιλοχρηματίαν
368 612 539 692 δαιμονίως
558 604 763 686 σπουδάζων,
786 605 841 670 καί
867 601 1005 690 κτήσεων
1028 603 1183 688 α’κινήτωκ

51 709 198 796 χανδόν
216 709 407 792 ποιούμενος
424 706 481 793 τήν
500 709 668 788 ἐπίκτησιν.
702 698 747 770 ῶν
759 705 938 790 άκορίστως
949 701 1098 787 ἐχόμενος
1113 705 1185 768 κίν-

57 833 151 892 τρσν
172 810 227 876 καί
246 820 374 892 ταμεῖον
387 812 443 895 τῆς
456 811 520 874 τῶν
536 811 653 872 λοιπῶν
673 807 776 871 ου’τοδ
796 807 934 888 κτήσεων
956 800 1184 887 ἐπισυκαθροί-

26 913 158 987 5σεως
174 907 231 994 τήν
246 915 304 974 τοῦ
316 909 472 992 Ἑβδόμου
483 906 591 994 μονήν.
614 907 735 992 ταύτην
754 908 814 991 γάρ
830 903 938 987 λοβῶν
952 902 1029 969 κατά
1049 903 1183 988 δωρεάν,
1203 927 1211 944 ’

57 1011 297 1094 παρεσκεύαζε
315 1011 370 1076 τόν
390 1015 524 1094 βασιλέα
541 1007 639 1075 πολλά
664 1013 728 1073 τῶν
752 1009 914 1093 κτημάτων
935 1008 1023 1095 αιίτῷ
1042 1005 1185 1088 προσκυ-

60 1113 155 1198 ρσῦν
179 1111 422 1195 δσημέραικαί
451 1109 627 1194 προσόδους
650 1110 819 1194 ἀφθόρους
850 1117 1037 1192 περιποιεῖν,
1059 1105 1102 1181 ῶς
1121 1101 1213 1174 τιό-ί.
1232 1119 1322 1176 210r.

61 1214 131 1276 τοῦ
157 1211 244 1294 τάχα
265 1214 532 1294 διαγωνιζομένου
559 1213 689 1294 ποιήσαι
712 1218 806 1275 τοῦτο
826 1206 908 1293 μετά
931 1211 1120 1293 παρίλευσιν
1140 1213 1182 1300 τιή

58 1315 209 1392 βασιλεῖ
225 1311 400 1395 πολύολβον
424 1312 621 1396 ἐνδιαίτημα,
645 1308 855 1391 σκεπτόμενος
878 1313 912 1376 ἐκ
929 1302 1113 1394 μοχθηρίας
1135 1312 1184 1375 οἰ-
1250 1326 1253 1333 “

11 1423 49 1492 10
63 1413 251 1474 κενοῦσθαι
274 1415 328 1474 καί
350 1409 617 1496 παρακερδαίνειν
645 1408 684 1475 τά
716 1412 773 1474 νόν
794 1410 1037 1494 προσφερόμενα
1068 1415 1123 1475 καί
1141 1411 1184 1498 τῷ

63 1508 210 1593 δνόματι
234 1515 290 1595 τής
312 1514 409 1595 μονής
433 1513 567 1591 πλοόιογ
588 1513 780 1576 ἐπικτᾶσθαι
801 1509 962 1595 ὖπερφυή,
982 1514 1038 1573 τοῦ
1059 1512 1183 1591 δέμέλ·
1213 1557 1220 1563 -

62 1619 184 1688 λοντος
206 1605 289 1676 εἶναι
309 1612 365 1677 τόν
388 1608 478 1694 λόγον
501 1611 691 1696 άπόρρητον.
746 1613 779 1674 ἐν
799 1610 919 1697 τούτοις
943 1615 978 1676 δέ
1007 1613 1104 1676 πᾶσιν
1123 1612 1183 1675 ου’-

65 1715 156 1778 δένοι
175 1709 270 1796 κόρον
292 1713 474 1795 λαμβάνων,
496 1715 598 1776 καίτοι
625 1716 680 1777 καί
699 1709 786 1795 παρά
809 1712 936 1804 πάντων
958 1717 1021 1778 τῶν
1043 1714 1078 1777 ἐν
1097 1715 1178 1777 τέλει

64 1814 131 1876 καί
148 1815 212 1877 τῶν
232 1815 436 1898 στρατιωτῶν
459 1817 514 1877 καί
534 1817 678 1879 τελωνῶν
702 1816 756 1877 καί
776 1814 961 1898 πρακτόρων
980 1810 1183 1897 δωροδοκοί-

19 1921 172 1997 15μενος
209 1917 265 1978 καί
294 1913 431 1999 κτήσεων
469 1914 595 1978 είδικῶν
635 1917 689 1978 καί
722 1911 815 1977 οἴκων
850 1914 884 1976 ἐν
921 1911 1092 1996 περιλήψει
1122 1936 1183 1993 με·
1239 1917 1244 1924 ’

66 2017 184 2101 γάλων
211 2019 265 2080 καί
297 2017 420 2082 πολλῶν
447 2013 699 2095 καθιστάμενος,
734 2015 810 2077 ου’δέ
839 2016 897 2077 rot
923 2015 1099 2096 κερδαίνειν
1129 2019 1184 2080 καί

69 2120 107 2181 ἐκ
156 2113 445 2204 συκοφαντημάτων
478 2115 647 2198 ἐπείχετο,
685 2117 757 2179 ου’δέ
794 2118 851 2178 rori
892 2112 1111 2196 ἐπιβουλεύειν
1142 2117 1183 2202 τῇ

70 2217 214 2306 εδθηνίφ
248 2221 303 2282 καί
338 2214 395 2299 τήν
425 2215 576 2299 κοσμικήν
612 2215 787 2298 α’δημονίαν
820 2217 876 2279 καί
909 2212 1032 2279 ἔνδειαν
1063 2216 1183 2302 οἰκείαν

71 2321 243 2383 ποιεῖσθαι
264 2319 482 2404 φιλοκερδείας
511 2314 681 2383 ὑπόθεσιν·
726 2316 770 2404 τῷ
795 2339 844 2382 τοι
873 2319 927 2381 καί
951 2315 1069 2397 μαθῶν
1088 2313 1130 2394 ῶς
1151 2313 1185 2381 ἐν

23 2423 118 2505 wrogi
148 2416 276 2506 κάστρφ
298 2422 337 2505 τῇ
353 2418 524 2503 ‘Pandoouoi
552 2419 742 2501 κατάγουσιν
772 2412 892 2499 ἅμαξαι
918 2416 974 2481 τόν
997 2425 1085 2481 σῖτον
1104 2422 1184 2480 πολ-

71 2522 143 2595 λαί,
166 2522 221 2583 καί
236 2516 505 2602 διαπιπράσκουσι
520 2514 827 2598 διασκεδαννόμεναι
842 2515 931 2594 εἴςτε
944 2513 982 2581 τά
1002 2521 1064 2582 τῶν
1080 2538 1184 2598 μονα-

75 2622 221 2703 στηρίων
243 2622 423 2701 ξενοδοχεϊα
445 2619 501 2682 καί
515 2616 688 2684 κατατόπια
705 2618 761 2684 καί
781 2618 879 2703 αδτής
900 2622 956 2703 τής
969 2618 1107 2703 μεγάλης
1129 2618 1183 2682 ἐκ-

74 2724 210 2805 κλησίας
233 2720 288 2783 καί
309 2722 433 2785 πολλῶν
448 2722 621 2806 ἐγχωρίων,
636 2723 690 2785 καί
709 2712 819 2786 άνετον
833 2724 996 2787 ποιοῦνται
1018 2718 1074 2803 τήν
1097 2722 1183 2805 πρά-

151 2882 178 2933 5.
198 2854 303 2953 μονήν]
324 2840 357 2935 an
378 2873 473 2957 μονήν
491 2844 638 2937 tuentio?
708 2881 736 2932 8.
756 2881 905 2954 ἀφθόνους
922 2884 1063 2951 interpret.
1139 2883 1181 2937 13.

150 2952 308 3032 λαμβάνειν
327 2952 356 3008 (l.
454 2955 497 3007 23.
519 2954 661 3011 notodrra
680 2953 709 3008 (l.

78 3100 212 3152 avaritiae
231 3100 296 3151 mire
316 3101 434 3166 deditus,
454 3109 480 3152 et
505 3103 703 3169 possessionum
734 3101 899 3153 immolarem
920 3101 1015 3169 cupide
1035 3100 1086 3152 tibi
1105 3114 1180 3152 com.
1220 3126 1224 3132 ·

75 3172 399 3247 parabat‚acceesionem,
419 3189 530 3241 quarum
547 3172 692 3225 insatiabili
717 3172 795 3224 modo
825 3181 905 3224 tenax
923 3171 1057 3224 stimulum
1076 3179 1103 3223 et
1120 3172 1181 3223 cel.

76 3242 132 3294 lam
151 3243 370 3295 accumulationie
398 3253 545 3296 ceterarum
573 3246 773 3311 possessionum
797 3242 911 3296 habebat
929 3244 1060 3296 llebdomi
1084 3258 1179 3295 mona.

76 3317 204 3365 sterium:
228 3314 280 3365 hoo
305 3316 374 3366 enim
400 3324 538 3384 postquam
566 3316 635 3366 douo
654 3316 761 3382 accepit
784 3315 935 3380 efficiebat,
963 3323 993 3367 ut
1018 3330 1066 3366 rex
1084 3313 1179 3367 multat

76 3386 265 3451 possessiones
288 3387 312 3437 ei
331 3389 447 3439 firmaret
465 3388 584 3455 quotidie
605 3394 631 3437 et
658 3387 791 3438 redituum
809 3388 908 3439 affatim
931 3386 1071 3451 tribueret,
1091 3387 1128 3436 ite
1149 3394 1179 3437 ut

78 3472 112 3507 eo
133 3457 211 3507 brevi
239 3456 290 3508 hoc
321 3459 463 3511 evincente
493 3458 543 3509 hoc
567 3458 691 3510 redderet
719 3474 803 3525 prope
831 3475 923 3527 regem
942 3459 1054 3511 maxime
1073 3458 1179 3509 beatum

78 3526 259 3592 domicilium,
285 3531 392 3581 studens
421 3530 553 3595 pravitate
579 3531 603 3580 ci
623 3530 763 3581 conciliari
790 3540 816 3583 et
836 3530 936 3583 lucrari
955 3546 1024 3597 quae
1043 3545 1114 3581 nunc
1132 3545 1180 3581 re-

78 3598 164 3650 deunt
187 3606 214 3649 et
240 3602 348 3651 nomine
373 3603 528 3651 monasterii
549 3601 655 3653 divitiae
683 3602 735 3654 eibi
755 3618 909 3670 comparare
934 3604 1083 3653 immensae.
1121 3616 1180 3651 cum

78 3671 124 3722 bic
143 3669 205 3721 talis
225 3686 284 3723 esee
305 3670 390 3724 vellet
409 3672 514 3721 ratione
533 3673 625 3736 vetita,
645 3674 673 3724 in
698 3673 739 3725 bis
759 3681 847 3725 autem
866 3674 987 3725 omnibut
1013 3672 1113 3724 nullam
1132 3688 1181 3723 ca.

78 3757 145 3809 pere
165 3743 324 3806 satietatem,
343 3742 409 3793 licet
428 3750 455 3793 et
472 3741 504 3793 ab
521 3742 641 3797 omnibus
666 3746 863 3814 magistratibus
890 3754 916 3797 et
935 3744 1065 3796 militibus
1085 3753 1111 3796 et
1128 3760 1181 3812 pu.

78 3812 194 3865 blicanis
215 3822 241 3864 et
264 3814 437 3881 portitoribus
460 3816 573 3881 pecnnia
593 3827 733 3884 corruptus
758 3825 784 3868 et
802 3818 1000 3884 poteeaeionum
1019 3816 1180 3883 privatarum

80 3892 107 3949 et
124 3885 307 3937 aedificiorum
327 3886 439 3937 circuitu
458 3901 613 3952 magnorum
642 3889 837 3956 multorumque
856 3889 1005 3957 (dominus)
1026 3888 1127 3953 iactus,
1146 3905 1181 3941 ne

79 3957 119 4007 eie
138 3956 244 4025 quidem
258 3972 272 4007 a
286 3956 362 4008 lucro
382 3956 426 4008 vel
447 3956 585 4009 calumniis
604 3959 714 4023 destitit,
734 3974 823 4026 neque
841 3959 948 4013 studere
958 3959 1134 4012 abundantiae
1155 3969 1181 4013 et

79 4034 212 4099 terrenam
233 4028 409 4079 calamitatem
429 4034 509 4096 atque
527 4029 644 4097 inopiam
661 4033 798 4099 proprium
817 4031 929 4083 reddere
948 4031 1016 4083 lucri
1035 4047 1179 4100 argumen.

12 4088 19 4109 '
79 4105 142 4149 tum.
181 4106 235 4150 tum
256 4114 320 4167 ergo
341 4101 441 4164 audito,
461 4100 493 4151 ad
514 4100 651 4152 castellum
671 4103 824 4154 Raideetum
843 4104 976 4154 deducere
997 4119 1089 4158 currat
1119 4104 1179 4156 ltu.

79 4177 195 4221 mentum
214 4170 311 4222 multos
332 4178 357 4222 et
377 4172 503 4237 vendere,
523 4188 629 4239 sparsos
649 4190 697 4242 per
716 4176 936 4227 monasteriorum
964 4176 1121 4230 deversoria
1152 4182 1180 4225 et

79 4241 205 4309 regiones
226 4243 253 4294 et
272 4242 356 4308 ipsius
375 4259 485 4311 magnae
506 4244 637 4303 ecelesiae
658 4254 684 4299 et
703 4244 844 4299 multorum
864 4248 965 4314 patriae
995 4246 1133 4313 locorum,
1153 4250 1180 4294 et
