2834 4750
513 252 721 319 moult.
1094 237 1167 310 tit

174 420 409 502 Φιλάνδρωπος
431 418 467 481 δὲ
486 406 532 478 οόν
553 416 598 488 εἰς
619 412 653 476 τό
679 406 759 495 άγαν
782 410 798 473 ό
826 407 978 491 βασιλεός
1001 411 1055 473 κατ’
1075 402 1169 488 νόμον

63 524 176 603 ἕτερον
198 515 361 596 άνεζάωσε
384 516 525 581 θανόντα
551 514 716 593 κοίκεῖνον,
743 512 797 574 καί
818 509 957 575 θάνατον
982 515 1108 581 πολλοῖς
1136 508 1243 571 tultae.
1255 508 1326 566 1080

63 626 125 704 τῆς
147 617 335 704 θνητότητος
347 616 505 697 ἀπότομον
517 618 571 678 καί
592 616 833 697 α’μεταμίλητον
855 607 1094 693 παρεισάξαντα.
1123 606 1169 681 τίς

63 726 104 789 δὲ
128 712 230 799 οὗτος,
251 714 268 780 ό
291 716 380 801 λόγος
403 715 538 802 δηλάσει
556 714 686 800 προϊιόν.
730 713 800 778 όόν
822 717 1007 794 βασιλεῦσιν
1027 711 1170 790 ἀοίδιμος
1214 765 1220 772 .
1253 747 1256 753 ·

21 827 50 881 5
65 822 242 895 Θεοδόσιος
262 819 503 885 στασιασάντων
524 822 599 883 ποτε
612 842 705 881 τινων
717 816 784 879 κατ
807 817 918 890 αότοό,
939 811 1064 899 μεγάλῳ
1075 814 1170 898 θυμῷ
1229 808 1232 815 ’

63 926 306 1009 καταφλεχθείς
326 919 384 1003 την
407 918 525 1040 ψρχην,
548 915 688 983 θάνατοά
709 942 827 981 τουτων
837 916 1097 1037 ανυπερδετως
1068 935 1172 975 κατε-

62 1028 244 1109 ψηφίσατο.
288 1024 334 1097 εις
355 1018 467 1087 ἓαοτόν
488 1024 524 1086 δὲ
542 1020 719 1103 γενόμενος’,
740 1019 917 1102 μᾶλλονδὲ
940 1014 995 1079 καί
1013 1008 1098 1096 παρά
1112 1037 1170 1077 τον

62 1129 133 1190 τοὸν
156 1121 325 1209 διαφόρων
348 1122 474 1205 οἷνδραῖν
497 1122 579 1204 μετά
600 1124 780 1205 παρρησίας
805 1108 1013 1202 α’πελεγχθείς
1045 1116 1100 1179 καί
1126 1116 1172 1189 ω“ς

61 1226 240 1311 μιαιφόνος
269 1249 332 1291 των
353 1226 614 1308 ἑκκλησιαστικοιν
638 1224 813 1305 περιβόλων
844 1220 1081 1296 ἀποκλεισθείς,
1109 1238 1170 1297 με-

8 1340 52 1393 [0
63 1321 207 1407 τάμελον
225 1322 346 1408 ἔθρεψε
354 1378 364 1407 ,
385 1329 440 1389 καί
463 1324 519 1388 τόν
547 1324 716 1407 ἐλέγχοντα
744 1324 785 1385 δι’
816 1324 924 1394 αι’δοῦς
955 1316 1198 1401 ποιησάμεναςλ.
1217 1322 1308 1379 tatu.

63 1430 123 1490 καί
145 1423 310 1508 ἀγαπήσας
332 1423 428 1489 αδτδν
450 1423 492 1498 οδς
514 1421 631 1508 σοφός,
655 1418 743 1507 εἴπερ
768 1422 887 1505 statar
905 1418 939 1484 τό
958 1415 1088 1499 “ἐ’λεγχε
1111 1439 1170 1480 σο-

65 1521 150 1612 φόν,
172 1526 239 1607 ,καί
258 1524 415 1607 ἀγαπήσει
437 1524 510 1604 σε”,
533 1522 610 1606 γόνυ
632 1521 730 1610 τοότιρ
761 1518 878 1600 ἔκλινε,
910 1522 964 1583 καί
984 1513 1175 1601 συγγνάμην,
1220 1558 1228 1574 r

66 1622 147 1706 μετά
171 1626 287 1707 πολλῆς
317 1626 455 1706 οἰμωγῆς
487 1626 543 1687 καί
576 1626 748 1707 σαντριβῆς
775 1615 883 1711 ᾔτησε.
935 1622 990 1683 καί
1019 1620 1082 1682 τεόν
1112 1639 1171 1680 πε-

67 1728 342 1809 πλημμελημένοον
363 1724 455 1801 α’ξίαν
478 1724 688 1807 ποιησάμενος
711 1721 769 1806 την
791 1720 979 1803 μετάνοιαν,
1000 1722 1054 1783 καί
1075 1721 1169 1783 πλέον

8 1841 55 1894 15
67 1818 147 1909 ἤπερ
170 1827 268 1907 ἐχρῆν
287 1820 397 1911 ίδιάτη
419 1829 638 1905 raucescant,
660 1822 868 1903 συμπάθειαν
890 1818 985 1901 ἔλαβε
1011 1814 1097 1899 παρά
1113 1818 1171 1880 τοῦ

67 1922 185 2008 α’νδρός
210 1915 261 2007 (ἦν
283 1924 325 1999 δὲ,
341 1916 434 1999 οὗτος
455 1924 471 1986 ό
493 1928 591 2007 μέγας
611 1924 802 2007 Ἀμβρόσιας
824 1916 839 1983 ό
863 1923 926 1985 τάν
958 1915 1170 1983 Μεδιολόνων
1244 1917 1251 1936 “

66 2022 269 2105 ἐπίσκοπος),
291 2028 346 2088 καί
363 2028 417 2107 τῆς
446 2030 617 2110 καθολικῆς
642 2022 808 2107 ἐκκλησίας
839 2023 892 2084 καί
920 2021 975 2103 τῆς
1004 2016 1168 2089 κοινωνίας

67 2117 114 2199 εἷς
136 2129 283 2208 γενέσθαι
306 2125 382 2207 παρ’
403 2121 504 2188 α’ότοῦ
524 2129 726 2229 κατηξίωται.
770 2121 874 2188 ἔκτοτε
895 2112 953 2186 σόν
984 2116 1019 2183 τό
1054 2118 1171 2202 άπηνὲς

68 2224 124 2289 καί
143 2222 303 2304 α’πότομον
325 2227 380 2288 καί
399 2219 536 2307 άχρονον
547 2227 602 2309 τῆς
613 2228 769 2306 τιμωριάς
789 2223 978 2294 κινδυνῶδες
991 2223 1046 2285 καί
1067 2214 1170 2282 εἶπάν·
1252 2226 1254 2231 “

10 2316 199 2408 αοθρωπον
221 2326 437 2408 λογισάμενος,
457 2325 571 2407 χρόνον
587 2322 729 2409 οδρίσατο
743 2324 801 2408 τὴν
823 2318 982 2406 διαβολήν
1004 2325 1059 2404 τῆς
1073 2344 1171 2402 τιμω·
1217 2314 1227 2333 “

66 2432 140 2510 ρίας
169 2430 371 2509 παρέχοντα,
397 2432 554 2501 θεσπίσας
580 2426 625 2510 μὴ
655 2425 731 2508 πρίν
759 2427 800 2489 δι’
823 2427 957 2504 αἵματος
979 2418 1171 2500 κολάζεσθαι

68 2521 238 2610 ἄνθρωπον
262 2520 283 2611 ἢ
305 2524 474 2610 τριάκοντα
499 2524 626 2614 ἡμερῶν
647 2529 871 2617 παρῳχηκέναι
904 2522 1064 2608 διάστημα
1084 2520 1165 2604 μετά

65 2626 125 2711 τὴν
146 2633 216 2692 κατ’
249 2629 348 2708 αότοόό
370 2635 555 2706 τελευταίαν
584 2623 762 2716 ἀπόφασιν.
808 2625 914 2692 ἔκτοτε
946 2627 982 2689 δὲ
1010 2622 1027 2688 ό
1054 2623 1171 2708 χρόνος

170 2957 305 3010 Humanas
323 2957 403 3010 valde
421 2972 470 3010 rex
488 2959 568 3010 etiam
585 2958 665 3011 aliam
682 2958 771 3028 legem
789 2957 962 3011 resuscitavit
980 2963 1125 3012 emortuam
1145 2966 1173 3010 et

70 3031 160 3095 illam,
180 3045 249 3098 quae
266 3037 378 3082 mortem
396 3028 487 3082 multis
512 3046 545 3082 ex
563 3030 726 3082 mortalitate
752 3031 925 3096 praecipitem
945 3035 971 3079 et
989 3029 1172 3095 poenitentiae

72 3111 209 3170 expertem
227 3101 349 3169 inferret.
388 3117 455 3170 quae
474 3102 541 3153 haec
560 3103 642 3154 luerit
660 3102 746 3152 oratio
766 3099 913 3166 declarabit
931 3100 1089 3167 procedens.
1120 3114 1172 3150 ve.
1182 3161 1191 3174 Ι

71 3172 199 3226 uerabilis
218 3174 288 3224 inter
314 3187 393 3241 reges
414 3171 594 3258 Theodosias,
615 3189 673 3224 cum
693 3173 851 3226 seditionem
871 3178 1012 3223 moverent
1029 3169 1172 3239 aliquando
1201 3205 1206 3214 s

72 3243 196 3296 nonnulli
216 3252 309 3295 contra
336 3260 409 3308 eum,
433 3259 529 3311 magna
554 3247 594 3297 ira
612 3244 727 3311 flagrans
746 3245 851 3309 animo,
870 3250 981 3294 mortem
1002 3243 1096 3292 horum
1115 3242 1173 3293 sinc

72 3330 147 3367 mora
170 3316 316 3366 constituit.
363 3331 421 3367 cum
447 3323 534 3366 autem
553 3332 643 3366 secum
671 3323 743 3366 esset
760 3282 898 3383 magislpue
929 3315 1007 3364 etiam
1026 3329 1041 3364 a
1061 3313 1173 3380 quodam

74 3387 223 3439 divinorum
251 3387 369 3438 virorum
397 3386 483 3438 libere
502 3386 700 3454 vituperaretur
727 3394 754 3436 et
772 3388 847 3454 quasi
866 3386 1019 3452 inquinatus
1040 3383 1173 3435 ecclesiae

24 3455 33 3468 '
73 3458 154 3509 muris
171 3457 369 3523 excluderetur,
381 3458 573 3524 poenitentiam
589 3458 656 3509 aluit
669 3465 695 3508 et
710 3457 905 3524 vituperantem
918 3458 1019 3507 veritus
1040 3464 1066 3506 et
1085 3469 1173 3506 amans

75 3544 134 3580 eum
152 3536 182 3578 ut
200 3529 317 3594 sapiens,
337 3530 360 3579 si
380 3531 484 3598 quidem
503 3545 596 3581 verum
615 3529 745 3596 estquod
767 3529 878 3580 dicitur:
905 3528 1045 3593 „vitupera
1064 3526 1173 3593 sapien-

74 3608 127 3650 tem
146 3605 174 3648 et
190 3597 288 3649 amabit
305 3606 359 3662 te,“
381 3608 407 3650 et
425 3600 530 3650 veniam
552 3617 611 3651 cam
630 3600 712 3651 multa
730 3598 921 3651 lamentatione
951 3607 977 3651 et
995 3597 1102 3664 planctu
1122 3613 1174 3664 pe.

74 3671 155 3732 tivit,
184 3677 212 3720 et
238 3678 407 3734 peccatorum
435 3671 540 3737 diguam
564 3673 706 3723 instituens
730 3671 921 3737 poenitentiam
947 3678 973 3720 ct
991 3670 1075 3737 magis
1097 3683 1173 3736 quam

74 3741 164 3794 debuit
182 3740 287 3806 privato
307 3740 436 3792 demissus
455 3743 663 3794 misericordiam
683 3743 822 3808 accepit-a
851 3742 911 3791 viro
933 3744 1006 3808 (erat
1023 3747 1111 3790 autem
1130 3739 1174 3790 hic

74 3826 184 3880 magnus
202 3808 375 3873 Ambrosius,
400 3811 606 3865 mediolanensis
627 3814 802 3881 episcopus):
826 3821 907 3880 atque
926 3810 1061 3881 generalis
1081 3810 1174 3862 eccle.

75 3885 130 3938 siae
149 3890 177 3934 ct
195 3882 333 3934 societatis
354 3896 414 3948 pars
433 3882 491 3933 lieri
511 3883 543 3933 ab
568 3899 601 3934 eo
626 3885 748 3953 diguatus
774 3891 822 3935 est.
861 3882 957 3934 exinde
975 3882 1058 3950 igitur
1076 3883 1174 3934 crude.

74 3955 126 4005 lem
155 3961 182 4004 et
199 3953 373 4020 praeeipitem
399 3961 426 4004 et
451 3963 643 4019 praematuram
667 3955 798 4005 rationem
827 3968 931 4020 poenae
950 3953 1128 4021 periculosam
1148 3963 1174 4006 et

75 4026 212 4077 immanem
239 4031 310 4088 ratus
341 4032 445 4091 tempus
465 4026 617 4089 constituit,
643 4025 798 4078 dilationem
824 4039 927 4092 poenae
948 4023 1094 4091 praebens:
1114 4025 1173 4078 edi.

76 4111 154 4159 oeus,
179 4111 214 4146 ne
237 4104 315 4147 antea
335 4098 465 4164 sanguine
484 4097 623 4162 puniretur
641 4097 795 4164 quisquam,
826 4103 966 4165 antequam
985 4097 1094 4164 triginta
1113 4098 1173 4150 die-
1255 4124 1258 4130 ·

76 4180 133 4220 run
150 4169 332 4235 praeteriisset
351 4169 464 4236 spatium
484 4176 546 4236 post
571 4167 867 4229 nltimamsenteutiac
887 4175 978 4222 contra
997 4182 1055 4221 eum
1073 4169 1172 4222 editio.
1222 4171 1228 4181 '
