2834 4750
522 331 730 404 utsuoum.
849 396 852 401 ε
1100 329 1175 408 137

45 499 169 580 χείας
185 497 275 560 δυοκί
296 497 339 582 τρῖ
353 495 577 582 Χατατυυρίφ,
600 495 696 577 α’νδρί
710 496 840 582 γενναίιρ
862 493 917 559 καί
935 494 1035 558 πολλά
1058 495 1181 560 ἐπιδει-

52 600 201 684 ξαμδνρι
224 599 279 677 τῆς
300 594 417 678 α’ρετῆς
446 595 548 658 ου’τυῦ
568 591 608 658 τά
633 599 840 678 γνωρίσματα
863 597 1017 678 πρότερον
1029 642 1040 673 ,
1062 598 1180 677 προδε-

50 698 200 785 ξαμένιρ
229 698 263 760 δὲ
286 691 373 777 παρά
395 697 455 757 τοῦ
482 698 637 775 βασιλέως
662 696 707 768 εἰς
731 697 978 776 Ιίὶαψουεστιάν1
1001 696 1180 778 α’παντῆσαι

50 799 109 874 αἱς
141 793 239 878 τάχος
270 797 325 860 καί
351 801 418 868 τοῖς
451 791 603 878 Τοάρκοις
633 797 756 860 ε’κεΐθεν
788 792 1005 877 παροδεύουσι
1023 800 1180 876 συμμίξαι

16 899 273 979 ὅπολεμικαῖς,
298 887 352 958 άτε
376 897 431 957 καί
452 895 514 956 τῶν
535 897 568 958 ε’ν
586 901 651 968 τοῖς
680 893 814 977 ὀρεινοῖς
834 895 886 977 τῆς
912 897 1100 968 Σελευκείας
1122 918 1182 958 κα-

52 997 265 1064 τοικούντων
279 993 453 1077 Ἀρμενίων
476 996 765 1078 προδισρισδὲντων
786 997 819 1058 ἒν
833 1000 896 1068 τοϊς
915 1000 1083 1068 στενωποῖς
1107 992 1182 1069 τούς
1247 1025 1249 1031 ’

59 1097 242 1180 Τσάρκους
264 1094 481 1177 καταδραμεῖν
503 1097 558 1157 καί
580 1096 725 1158 κακαῖσαι
746 1089 826 1157 κατά
852 1090 886 1156 ab
913 1093 1086 1177 ἐγχωροῦν.
1129 1090 1183 1156 κατ’

56 1195 135 1280 γάρ
170 1191 228 1277 την
261 1190 412 1257 ἐπάνοδον
445 1196 608 1292 δείσαντες
647 1190 676 1257 οἱ
699 1195 847 1274 πολέμιοι
882 1188 935 1255 διά
959 1188 994 1256 τά
1018 1195 1181 1257 πυθέσθαι

56 1294 149 1380 περί
181 1297 237 1376 τῆς
259 1298 316 1358 τοῦ
338 1298 496 1375 βασιλέως
518 1295 708 1384 ε’πιδημίαςς
746 1289 800 1356 διά
832 1294 896 1357 τῶν
918 1295 975 1374 τῆς
996 1294 1182 1373 Σελευκείας

7 1406 46 1458 10
61 1397 164 1481 σ’ροὸν
188 1396 428 1479 ἐπορεύθησαν,
464 1397 518 1458 καί
549 1398 593 1468 εἰς
614 1397 669 1477 την
697 1396 753 1477 τῆς
777 1396 905 1477 Ταρσοῦ
926 1392 1062 1456 πεδιάδα
1083 1387 1183 1478 κατη-

59 1499 298 1581 κοντίσθησαν.
348 1491 426 1558 ἔνθα
451 1490 538 1577 παρά
562 1494 625 1557 suiv
644 1493 821 1578 Ἀρμενίων
852 1496 1104 1578 συγκυρηθὲντες
1125 1489 1183 1577 την

62 1591 329 1682 λαφυραγωγιάν
351 1596 457 1658 πᾶσαν
478 1589 593 1674 σχεδὸν
619 1593 788 1675 ἀπέβαλον.
833 1592 927 1658 auitos*
947 1594 982 1656 de*
1001 1593 1181 1657 διασωθέν-

61 1718 123 1769 τες
146 1696 322 1779 μοχθηρῶς
346 1695 501 1756 ἐπίτεινον
522 1690 578 1757 τάν
599 1692 740 1774 δρόμον,
762 1696 814 1778 ἐφ’
836 1684 861 1782 ᾧ
883 1694 1021 1757 διελθεῖν
1044 1693 1087 1756 δι’
1110 1687 1184 1777 ὅλης
1222 1751 1225 1758 .

62 1797 130 1877 τῆς
156 1797 305 1868 Κιλικίας
326 1794 381 1858 καί
400 1793 444 1868 εἰς
463 1790 501 1857 τά
524 1794 579 1857 τοῦ
605 1794 718 1858 Χάλεπ
745 1799 919 1876 προσμῖξαι
945 1785 1029 1876 ὅρια.
1069 1815 1184 1877 προεν-
1269 1870 1273 1875 4

14 1915 51 1968 15
63 1891 223 1977 τυχόντες
253 1895 282 1957 δ’
309 1893 456 1977 άλληλοις
491 1892 524 1956 οἵ
540 1919 573 1959 τε
604 1892 691 1977 παρά
721 1896 779 1957 τοῦ
802 1896 960 1976 βασιλέως
983 1896 1183 1977 πεμφθέντες

65 1999 132 2059 καί
151 1993 167 2058 ὃ
188 1995 243 2078 τῆς
263 1995 458 2088 Ἀντιοχείας
481 1995 616 2080 στρατὸς
636 1996 718 2076 μετά
741 1998 798 2060 τοῦ
815 1995 1011 2078 δηλωθέντος
1030 1984 1182 2074 ἦγεμάνος

67 2096 195 2175 αὐτῶν,
215 2092 323 2178 ἐώρων
345 2093 420 2168 τούς
448 2093 608 2170 ε’ναντίοος
631 2092 710 2160 κατά
732 2118 820 2169 τινας
850 2094 999 2177 μετρίους
1021 2090 1182 2176 άριθμοάς

68 2193 263 2279 προϊόντας,
289 2193 384 2259 ου’τοί
409 2192 487 2258 κατά
511 2191 565 2275 την
595 2192 686 2258 πάλιν
709 2196 942 2276 Μοψουεστίας
973 2193 1083 2266 αδτοῖς
1105 2193 1184 2278 ε’φε-

70 2294 255 2378 δρεύοντες.
309 2297 477 2378 προέμενοι
501 2296 535 2357 δὲ
557 2291 612 2358 τδν
635 2291 747 2377 καιρόν
774 2294 830 2377 τῆς
859 2295 904 2368 εἰς
927 2290 1045 2366 adroic
1068 2294 1181 2356 ἐπιθέ-

21 2415 160 2470 ςιοσεως
183 2392 343 2480 προφάσει
364 2396 421 2459 τοῦ
442 2394 486 2477 μη
506 2392 669 2477 σποράδας
692 2387 784 2469 ὄντας
806 2390 920 2467 ου’τούς
944 2394 1182 2474 διασκεδασθῆ-

71 2518 130 2559 ναι
165 2493 339 2578 ποιήσωσι,
372 2498 427 2559 καί
465 2494 701 2581 περιμείναντες
732 2495 790 2569 ἕως
821 2489 860 2558 dv
891 2490 951 2557 ε’πίΧ
979 2494 1182 2576 παρεμβολῆς

74 2596 301 2678 α’θρυισθῶσι;
329 2596 467 2681 μεγάλης
494 2599 581 2679 νίκης
609 2598 664 2659 καί
684 2596 873 2679 στρατηγίας
906 2594 1072 2674 ἀπέτυχον.
1114 2615 1182 2672 μα-

75 2694 190 2771 θόντες
212 2696 272 2781 γάρ
300 2693 329 2760 οἱ
352 2701 496 2778 πολέμιοι
516 2698 548 2776 ἐξ
569 2692 754 2761 ἑαλωκότων
773 2697 868 2761 τινοῖν
889 2694 1004 2780 ripaeis
1020 2696 1182 2775 Μοψουε-

75 2796 171 2860 στιάν
191 2798 254 2861 τῶν
276 2794 442 2877 Ῥωμαίων
463 2797 680 2884 συνάθροισιν,
700 2798 782 2880 μηδὲ
805 2793 921 2883 μικρὸν
944 2795 1182 2881 ἑγχρονίσυντες

150 2970 175 3023 9.
196 2969 364 3028 οελεοκέίων
385 2971 414 3026 0.
445 3042 462 3063 Α

78 3161 153 3204 retur
171 3151 232 3202 duci
251 3151 410 3203 Antiochiae
434 3152 597 3219 Chataturio,
617 3154 676 3204 viro
692 3151 778 3203 nobili
801 3152 891 3219 etqui
918 3149 1000 3200 multa
1027 3151 1180 3202 ostenderat
1246 3151 1257 3182 ·'

78 3225 186 3277 virtutis
205 3237 268 3273 suae
287 3224 363 3291 signa
379 3218 460 3275 ‘antea
480 3233 506 3276 et
525 3227 612 3277 iussus
632 3231 689 3274 erat
708 3231 820 3274 antean
838 3237 903 3290 rege
922 3222 1111 3287 biopsuestiam
1130 3223 1180 3273 ad.

78 3296 174 3347 venire
194 3309 270 3360 quem
288 3294 428 3345 celerrime
449 3304 474 3347 et
490 3313 547 3348 cum
560 3297 650 3348 Turcis
669 3296 731 3346 inde
751 3292 956 3361 procedentibus
970 3308 1063 3344 manus
1083 3307 1181 3344 conse-

79 3380 141 3417 rere
159 3362 242 3427 bello,
262 3381 320 3415 cum
340 3367 419 3418 ctiam
428 3367 566 3420 Armeniis
581 3370 608 3418 in
628 3366 761 3418 montibus
775 3364 917 3419 Scieuciae
934 3364 1114 3416 habitantibus
1131 3380 1182 3414 an-

80 3446 124 3487 tea
142 3437 298 3502 imperatum
318 3445 398 3502 esset,
418 3440 492 3489 utin
513 3440 642 3507 angustiis
662 3438 758 3489 Turcas
778 3437 988 3505 aggrederentur
1008 3445 1034 3487 et
1052 3441 1184 3487 vexarent

29 3527 32 3534 ¹
81 3522 159 3575 quam
177 3514 289 3572 possent
307 3510 430 3563 manime.
469 3512 566 3561 etenim
585 3512 636 3561 iter
657 3510 738 3560 veriti
757 3509 847 3559 hostes
877 3524 935 3560 cum
959 3507 1127 3559 audivissent
1149 3506 1182 3557 de

83 3579 157 3645 regis
190 3578 358 3645 proiectione
384 3594 432 3645 per
460 3575 731 3633 Seleuciae‘montes
756 3579 870 3647 proiecti
895 3587 969 3641 sunt,
1002 3587 1028 3629 et
1044 3579 1084 3628 ⁴iu
1111 3576 1182 3628 Tarsi

83 3663 174 3715 campo
195 3649 413 3714 conficiebantur,
428 3650 472 3701 ubi
494 3651 525 3701 ab
535 3652 668 3705 Armeniis
681 3652 841 3719 deprehensi
855 3651 978 3717 praedam
996 3664 1100 3701 omnem
1125 3648 1182 3698 iere

83 3721 241 3772 amiserunt:
267 3722 318 3787 ipsi
338 3729 425 3772 autem
444 3725 543 3773 servati
563 3739 643 3790 aegre
655 3721 884 3792 persequebantur
895 3735 1009 3784 cursum,
1021 3722 1106 3772 donec
1117 3735 1183 3787 per-

83 3790 206 3843 venirent
225 3806 273 3857 per
286 3800 367 3843 totam
387 3791 508 3845 ciliciam
529 3802 555 3845 et
573 3797 818 3862 appropinquarent
837 3791 950 3857 Gbelepi
969 3792 1075 3843 finibus.
1113 3807 1181 3842 con-

84 3863 223 3914 venientes
243 3872 330 3913 autem
349 3864 464 3915 invicem
484 3872 510 3914 et
529 3866 574 3931 qui
593 3881 608 3915 a
627 3882 692 3934 rege
711 3866 784 3916 missi
804 3871 878 3914 erant
889 3870 915 3913 et
929 3862 1120 3915 Antiochensis
1131 3879 1181 3914 ex-

86 3934 181 3985 ercitus
201 3950 259 3983 cum
278 3937 434 3986 renunciate
453 3936 520 3986 duce
540 3936 665 3987 videbant
684 3936 775 3986 hostes
800 3935 917 3985 numeris
942 3934 1095 4000 quibusdam
1120 3949 1180 3987 mo-

85 4005 149 4056 dicis
168 4008 305 4071 progredi,
325 4008 375 4074 ipsi
397 4007 465 4072 apud
484 4006 575 4057 urbem
595 4007 782 4072 Mopsuestiam
802 4007 835 4056 iis
856 4005 1027 4058 insidiantes:
1054 4008 1180 4072 emitten-

84 4083 122 4125 tes
140 4083 227 4126 autem
252 4080 422 4129 occasionem
442 4092 488 4128 eos
508 4078 680 4144 aggrediendi
700 4084 839 4143 praetextu
859 4091 893 4126 ne
912 4092 1018 4143 sparsos
1042 4093 1073 4130 se
1098 4079 1181 4129 dissi·

85 4147 138 4210 pari
158 4154 329 4212 peterentur,
352 4158 378 4200 et
397 4149 599 4216 exspectantes,
628 4150 714 4200 donec
739 4150 766 4198 in
785 4156 871 4199 castra
896 4151 982 4200 coacti
1003 4157 1103 4212 essent,
1122 4164 1182 4199 ma.

88 4230 161 4282 gnam
179 4219 316 4271 victoriam
335 4229 362 4273 et
381 4221 577 4289 expeditionem
597 4220 777 4291 perdiderunt.
816 4237 873 4272 cum
892 4221 964 4271 enim
990 4220 1182 4289 cognovissent
