2834 4750
273 274 350 352 aaa
581 273 800 349 naalma
829 272 1088 369 annicula

270 447 428 531 βασιλέως
442 442 641 530 χρηστότητα
656 443 850 529 συνεκρότει,
871 444 972 508 ταῦτα
992 437 1135 529 τῷλόγῳ
1156 436 1374 525 παραδιδόναι
1412 442 1413 503 ἶ

270 544 327 613 καί
344 542 472 631 μνήμης
493 546 604 625 α’ξιοόν
623 542 680 609 oda
703 546 840 622 σ’νόξιον.
1412 534 1413 627 l

374 645 523 732 Ῥῆςζγόιρ
554 651 659 730 κοινῆς
684 645 827 732 γλώσσης
858 648 1118 729 α’παρεσκομὲνης
1140 642 1222 729 πρὸς
1248 640 1310 727 τὴν
1329 649 1378 707 τοτ’
1412 694 1413 743 p

265 742 492 834 βασιλεύοντος
513 750 672 831 α’γνωσιάν
693 752 748 811 καί
770 748 983 831 ἀκυβέρνητον
1003 744 1151 829 ἔπαρσιν,
1173 746 1234 807 καί
1254 748 1298 807 δι’
1321 741 1377 807 ad·

265 852 323 935 τῆς
342 845 544 933 πανταχόθεν
568 851 752 933 όπισυρρεϊν
773 847 811 912 τό
834 847 921 912 daturi
944 850 1180 931 διαλεγομένης,
1203 845 1248 921 ώς
1271 841 1413 929 ἕκατί-5,

267 954 374 1039 pudes
395 946 454 1033 την
474 951 626 1032 βασιλίδα
658 951 723 1013 τών
743 945 864 1014 πόλεων
896 952 1124 1032 περιηχεῖσθαι
1136 956 1219 1022 ,ταῖς
1242 951 1306 1011 τών
1325 972 1377 1012 σι-

267 1052 375 1138 δηροον
398 1046 513 1136 αόγσίς
543 1048 600 1115 καί
622 1060 746 1133 τομαῖς,
767 1049 823 1113 καί
842 1051 887 1134 ζτῇ
907 1050 1017 1113 σπάνει
1049 1050 1110 1113 τών
1123 1049 1323 1131 «ἀναγκαίων
1341 1050 1373 1113 τό

268 1159 414 1219 πλεῖστον
432 1154 530 1236 μόρος
549 1153 583 1216 τό
609 1154 665 1235 ζῆν
695 1150 958 1236 όπορρὴγνυσθαι
990 1152 1102 1235 (τριών
1123 1148 1189 1233 γόρ
1217 1148 1375 1231 νομισμό-
1412 1176 1413 1189 ι

268 1276 332 1320 ταν
351 1251 367 1319 ὅ
389 1253 447 1318 τοῦ
468 1256 568 1318 ’σίτου
595 1253 749 1335 μέδιμνος
782 1247 1010 1336 ἐπιπράσκετο,
1043 1248 1097 1315 καί
1114 1252 1187 1313 ’τών
1211 1243 1387 1315 θανόντων
1412 1286 1413 1335 3

267 1354 328 1420 ουίι
354 1347 393 1439 ἦν
423 1356 574 1439 εόχίρεια
595 1350 675 1437 πρός
704 1351 739 1418 τό
761 1350 980 1437 θάπτεσθαι),
1000 1354 1160 1435 συνῆλθον
1185 1350 1236 1425 εἰς
1263 1354 1413 1420 andabeit*

268 1451 299 1519 οἱ
319 1456 377 1537 τῆς
406 1455 631 1539 ἀρχιερατικῆς
654 1455 744 1547 α’ξιάς
773 1453 816 1539 τῷ
845 1452 1047 1536 όρχιπσίμενι
1080 1449 1203 1515 τούτων
1240 1444 1304 1516 καί
1324 1480 1376 1517 πα-

266 1552 406 1641 τριάρχης
434 1558 570 1640 Κοσμᾷ,
592 1557 647 1639 καί
665 1556 741 1638 περί
760 1551 823 1618 τών
850 1550 1025 1617 ἐνεστώτων
1047 1548 1091 1626 τός
1116 1550 1149 1615 τὸ
1176 1550 1271 1627 εἰκός
1298 1556 1376 1629 ἐβου.

267 1654 424 1735 Mam,
450 1654 505 1720 καί
531 1656 574 1739 τῷ
598 1649 793 1740 Βοτανειοὶτη
825 1650 882 1737 την
911 1654 1085 1737 νικητήριον
1121 1654 1244 1739 ψῆφον
1267 1655 1323 1718 ἐπί
1341 1656 1375 1738 τηλ
1412 1696 1413 1701 1

266 1744 381 1837 ὄρχων
400 1758 576 1834 βασιλικοῖς
587 1757 829 1838 προσετίθεσαν,
853 1755 893 1817 od
913 1754 1079 1836 προδήλως
1093 1757 1205 1833 μέντοι
1219 1757 1287 1819 καί
1307 1777 1375 1837 προ-
1412 1750 1413 1833 l

266 1858 368 1936 πετός
393 1853 448 1921 διό
472 1851 509 1920 τό
530 1856 636 1921 dated
657 1855 881 1937 βασιλεύοντος
900 1857 981 1933 δέος,
1003 1854 1071 1916 ἀλλ’
1094 1858 1130 1917 ἐκ
1150 1860 1374 1939 συλλογισμόν
1383 1874 1403 1923 lt

231 1977 238 1984 “
265 1960 322 2023 ταί
349 1958 481 2041 λογικών
512 1958 809 2039 reposcerentur·
832 1951 958 2037 τρόπων
981 1952 1147 2034 ἐπιεικῶν,
1171 1958 1375 2039 συναγόντων

267 2060 314 2133 εἰς
336 2056 393 2143 τὴν
415 2053 519 2140 αότην
540 2053 664 2122 ἔννοιάν
687 2078 722 2119 τε
744 2058 798 2119 κατ’
817 2052 967 2139 ξόρροιαν
985 2052 1019 2119 τό
1041 2057 1284 2138 προτιθέμενον
1304 2055 1374 2137 βοό.

267 2161 380 2237 λςυμα.
431 2146 477 2231 εἷς
507 2158 542 2220 δὲ
568 2158 633 2222 τών
657 2147 764 2220 ἄλλων
790 2152 904 2237 γνώσει
927 2153 1179 2240 διοφέρων’καί
1200 2152 1374 2242 λογιότητι,

184 2307 195 2317 .
267 2258 324 2321 καί
344 2252 380 2323 τό
402 2255 674 2342 παρρησιαστικὸν
699 2258 885 2339 κεκτημένος
907 2253 941 2319 ἐκ
963 2256 1101 2341 φόσεως,
1123 2252 1182 2339 τη“ν
1203 2262 1375 2343 προεδρίαι

265 2360 326 2442 μίν
348 2355 432 2444 ἔχων
466 2361 522 2444 τῆς
549 2360 606 2425 τοῦ
630 2358 759 2425 Ἰκονιλιυ
780 2360 953 2442 καθολικῆς
984 2360 1169 2443 ἐκκλησίας,
1191 2360 1413 2446 Ἀσκώλωνιιγρλ

266 2461 305 2524 δὲ
326 2455 465 2545 πατρίδα
494 2462 549 2545 τῆς
572 2463 724 2544 Φοινίκης
745 2459 872 2542 αόχών,
894 2458 949 2523 καί
978 2456 1065 2542 πυροὶ
1086 2462 1149 2524 τών
1181 2451 1317 2526 ἄνωθεν
1336 2461 1374 2535 nir

267 2562 426 2645 κορωνίδα
443 2565 629 2644 κεκτημένος
648 2557 684 2625 τό
707 2561 851 2644 εόσεβός,
872 2556 1062 2642 τρανότερόν·
1082 2583 1114 2624 τε
1137 2559 1194 2623 καί
1213 2564 1375 2626 διαλεκτι-

267 2659 406 2746 κώτερον
425 2661 468 2748 τῷ
488 2664 704 2750 βουλευτηρίῳ
733 2659 792 2747 την
820 2663 937 2726 οἰκείαν
966 2661 1093 2747 γνώμην
1115 2661 1376 2748 ε’νσημηνόμενος

266 2985 382 3027 meran
401 2977 429 3024 et
446 2973 663 3042 intempestlvnm
680 2980 762 3042 pato:
783 2987 852 3042 quae
870 2980 958 3024 autem
975 2973 1062 3040 palam
1077 2975 1219 3042 tyrannice
1237 2978 1340 3045 agebat
1352 2988 1376 3030 et

199 3064 202 3072 ¹
266 3045 416 3099 violentius
435 3061 513 3114 qnam
531 3061 566 3097 ex
582 3047 658 3114 regis
678 3047 779 3098 virtute
806 3044 933 3114 parabat,
959 3045 1025 3096 baec
1043 3048 1192 3099 narrationi
1215 3051 1328 3112 tradere
1352 3056 1377 3101 et

265 3119 396 3170 memoria
413 3117 525 3186 dignare
540 3131 596 3168 non
616 3124 656 3169 est
684 3118 834 3184 indignum.
1365 3131 1368 3136 ·

369 3184 436 3242 Cum
454 3189 525 3240 enim
544 3189 689 3242 communis
708 3204 796 3240 sermo
810 3204 893 3256 aegre
911 3189 995 3240 ferret
1012 3191 1086 3256 regis
1104 3189 1266 3255 imperitiam
1281 3199 1310 3242 et
1328 3207 1374 3241 an.
1412 3193 1413 3196 ’

271 3261 383 3328 cipitem
401 3260 573 3312 insolentiam
592 3266 619 3310 et
637 3260 813 3313 contenderet
832 3277 864 3311 ca
882 3261 998 3328 undique
1019 3261 1131 3312 allluere
1148 3261 1230 3325 mala,
1249 3264 1375 3330 utrinqne
1412 3249 1413 3270 ¹

270 3333 394 3401 reginam
410 3331 515 3383 urbiam
536 3333 720 3399 circumstrepi
741 3333 805 3385 ferri
826 3332 907 3384 radiis
928 3338 954 3382 et
977 3331 1153 3397 vulneribus,
1174 3341 1256 3400 atque
1286 3337 1375 3401 inopia

271 3419 363 3456 rerum
381 3403 594 3457 necessariarum
612 3405 752 3454 maximam
780 3413 880 3472 partem
899 3403 981 3454 vitam
1007 3405 1149 3468 amittere,
1178 3405 1282 3473 (tribus
1311 3408 1375 3456 anun

269 3476 375 3528 assibus
392 3475 494 3526 modius
514 3475 639 3526 frumenti
659 3475 794 3527 emebatur
815 3484 841 3526 et
858 3482 1021 3526 mortuorum
1039 3490 1094 3526 non
1115 3484 1172 3527 erat
1190 3476 1310 3528 facultas
1329 3493 1373 3528 se-

270 3545 483 3615 peliendorum),
502 3555 688 3597 convenerunt
705 3548 734 3596 in
754 3548 866 3598 eundem
892 3549 981 3597 locum
1005 3548 1050 3614 qui
1075 3562 1237 3598 summorum
1264 3549 1374 3618 pontili-

270 3633 331 3673 cam
353 3618 484 3686 dignitate
507 3625 582 3670 erant
599 3619 729 3684 praediti,
751 3620 784 3684 ad
802 3633 930 3672 summum
949 3617 1043 3668 borum
1069 3627 1203 3684 pastorem
1232 3627 1259 3670 et
1292 3621 1374 3686 patri.
1412 3621 1413 3630 ¹

268 3689 376 3743 arebam
386 3689 517 3753 Cosmum,
537 3689 610 3741 etde
628 3690 787 3741 instantibus
807 3698 837 3740 ut
856 3705 904 3755 par
923 3697 980 3740 erat
998 3689 1197 3742 deliberabant:
1220 3699 1305 3758 atque
1323 3692 1375 3743 sso-
1412 3703 1413 3754 l

268 3763 387 3814 uniatae
405 3762 533 3814 evincens
554 3761 709 3829 suffragium
729 3763 791 3829 quia
811 3761 888 3827 regie
907 3759 1054 3828 imperabat
1070 3761 1209 3824 dederunt,
1224 3779 1318 3830 neque
1336 3771 1375 3814 ta.
1412 3757 1413 3790 ²

226 3838 235 3871 ἴ
267 3849 330 3886 naen
349 3833 437 3900 palam
456 3839 485 3883 et
503 3847 632 3898 praeceps
651 3841 762 3898 propter
780 3833 853 3900 regis
872 3840 986 3884 metum:
1004 3832 1051 3884 sed
1073 3848 1106 3883 ex
1124 3833 1374 3885 ratiocinationibus

270 3906 432 3956 strationis
451 3903 695 3970 comparationibus
714 3911 741 3954 et
756 3904 841 3956 modis
860 3905 963 3969 aequis,
983 3905 1028 3971 qui
1047 3904 1074 3954 in
1095 3904 1204 3956 eandem
1214 3908 1374 3958 sententiam
1412 3859 1413 3948 d

271 3979 299 4024 et
319 3988 481 4027 consensum
500 3983 614 4043 agerent
631 3976 798 4041 propositum
819 3973 967 4026 eonsilium.
1005 3989 1072 4026 unus
1092 3983 1180 4026 autem
1192 3978 1296 4029 ceteris
1314 3993 1373 4043 pru·
1412 3985 1413 4010 l

269 4043 362 4095 dantia
383 4045 521 4098 excellens
545 4054 572 4096 et
592 4047 698 4096 ratione
718 4055 745 4098 et
763 4045 914 4098 libertatem
933 4047 1038 4098 dicendi
1056 4055 1148 4098 nactus
1168 4055 1287 4112 natura,
1303 4049 1374 4115 prin·

267 4115 386 4179 cipetum
405 4113 508 4168 babens
526 4115 678 4167 catholicae
695 4117 782 4169 leonii
802 4117 944 4180 ecclesiae,
964 4116 1099 4170 Ascalone
1112 4119 1204 4169 autern
1212 4118 1373 4170 Phoenicius
1412 4133 1413 4168 ;

265 4183 355 4253 patria
368 4182 494 4252 glorians
511 4193 540 4236 et
558 4200 574 4238 a
591 4186 738 4240 maioribus
757 4195 882 4258 tanquam
901 4202 1026 4244 coronam
1044 4189 1155 4258 adeptus
1181 4190 1329 4259 pietatem,
1349 4196 1373 4240 el
1412 4177 1413 4246 l
