2834 4750
524 279 731 350 neroum
753 249 757 254 ’
1008 277 1037 290 “·
1106 275 1177 348 aaa

43 442 194 528 σκηνήν
216 441 455 524 όποττυχθῆναι
476 442 533 504 καί
553 441 730 525 θεραπειαν
754 438 968 525 ἁρμόζουσαν,
990 441 1179 508 σύνδειπνον

46 539 177 608 αυτόν
210 542 323 608 adscita
345 544 400 606 καί
428 540 612 622 ὁμοδίαιτον
644 543 877 626 α’πειργόσατο,
902 545 947 627 μὴ
971 544 1058 629 παρὰ
1080 513 1178 662 μόρρς

45 647 211 718 καθίσας
232 641 340 723 ον’τόν,
363 640 443 706 α’λλό
465 641 672 726 σόνθρονον’
656 667 690 707 εν
707 640 914 726 εόθότητι
874 669 931 728 της
952 647 1095 729 ἔκκριτον
1117 643 1179 708 τό-

47 748 145 822 ξεως
172 745 227 807 κατ’
247 739 400 822 ὁμόδοξον
427 741 508 806 κατα
536 743 595 825 τὴν
625 743 721 826 τιμήν
740 741 973 826 ποιησόμενος.
1024 737 1106 808 οὕτω
1128 747 1177 820 δός

15 847 114 928 bvij:
144 843 271 929 ἡμέρας
293 844 522 926 συνερχόμενος
541 839 640 932 τούτῳ
663 849 719 908 καί
739 847 915 923 σνλλαλων,
939 844 993 908 καί
1014 845 1093 923 πρὸς
1112 871 1177 908 πα-

49 938 226 1028 ροόκλησεν
249 939 470 1024 ἀνακτώμενος
491 939 544 1007 διό
568 947 692 1008 πολλῶν
714 944 906 1032 ε’πρσμοότων
929 944 1109 1026 ἀναγόντων
1131 949 1179 1021 εἰς

47 1043 117 1125 τὴν
146 1039 303 1124 βιωτικὴν
329 1045 544 1128 περιπέτειαν,
566 1049 681 1125 μέχρις
703 1044 841 1126 “’ῆμερῶν
863 1041 945 1108 σ’κτοό
974 1047 1035 1108 τῶν
1057 1044 1177 1125 ὁμοίων

52 1142 159 1230 αὐτῷ
181 1139 337 1206 ἐκοινώνει
360 1145 414 1204 καί
436 1140 538 1222 λόγων
562 1143 617 1204 καί
639 1141 735 1223 diade,
757 1145 839 1225 μηδὲ
859 1144 957 1223 μέχρι
978 1145 1032 1207 καί
1048 1147 1177 1226 βραχυ-

51 1240 168 1307 τάτου
192 1241 288 1324 λόγου
311 1238 390 1325 πρός
419 1245 529 1306 τοῦτον
552 1241 843 1331 ἕμπεπαρφνηκυός,
865 1237 887 1326 ἢ
907 1236 979 1306 ὅσον
1001 1244 1196 1309 δοκούντων

5 1358 41 1414 to
55 1345 168 1408 τινῶν
204 1341 403 1426 σφαλμάτων
440 1345 473 1406 ἐν
507 1345 547 1430 τῇ
581 1341 685 1407 ε’λόσει
714 1348 771 1426 τῆς
799 1347 954 1428 στρατιᾶς
983 1342 1177 1429 ὑπομνήσας,

53 1443 167 1508 ὁπότε
189 1442 245 1506 κατ’
266 1438 284 1525 ἦ
306 1445 364 1507 τοῦ
381 1446 459 1507 θεοῦ
487 1451 588 1529 κρίσις
608 1441 691 1524 μετὰ
713 1448 777 1508 τῶν
799 1436 903 1508 ἄλλων
935 1446 1103 1508 κάνταῦθα
1125 1447 1179 1508 δι-

55 1549 144 1610 καία
170 1543 225 1608 κατ’
254 1543 394 1628 α’ρρεπῆς
424 1548 594 1630 κατεφάνη.
647 1546 685 1609 ον’
718 1545 778 1628 γὰρ
806 1544 835 1610 οἱ
864 1539 955 1610 ἄλλοι
976 1545 1073 1628 μόνον
1094 1546 1175 1612 ἀλλὰ

56 1645 120 1710 καί
146 1641 245 1719 αδτός
269 1643 284 1706 6
310 1645 446 1720 ἀλαθεὶς
464 1646 620 1737 ,βασιλεύς
645 1638 732 1724 ἄξιον
762 1642 845 1712 εἶναι
869 1653 958 1711 νικᾶν
980 1647 1078 1713 αδτόν
1097 1649 1176 1710 α’πε-

58 1743 205 1831 φήνατο,
229 1746 260 1809 εἰ
280 1743 374 1825 νόμον
391 1743 434 1830 μῆ
459 1745 542 1828 ἔχων
566 1747 692 1827 cyanea
721 1748 796 1824 τεός
816 1747 957 1832 ἕχθροός
977 1749 1177 1831 α’νεπαισθή-

11 1857 130 1922 tatus
155 1853 245 1910 ποιεῖ
262 1845 316 1911 τόν
337 1851 424 1911 θεῖον
445 1845 542 1928 νόμον
556 1850 590 1911 ἐκ
612 1853 752 1934 φυσικῆς
773 1853 827 1913 κατ’
842 1842 1177 1931 όγαθῆςδιαθόσεως·

60 1947 106 2008 ου’
131 1943 194 2030 γόρ
204 1954 284 2072 ’τοῖς
319 1943 516 2030 δπερόπταις
545 1947 561 2014 ό
585 1953 786 2033 παντέφορος
807 1945 975 2034 ὀφθαλμός
1006 1946 1084 2010 ἀλλὰ
1111 1957 1176 2022 τοῖς

62 2153 336 2232 προσωποληψτλτ,
358 2147 437 2214 κατὰ
460 2151 512 2212 τόν
535 2155 623 2212 θεῖον
637 2151 821 2222 Παῦλον’
791 2157 901 2230 aeneio,
924 2147 1010 2232 παρὰ
1035 2173 1076 2235 τῳ
1061 2149 1173 2236 deor.

64 2250 125 2312 κατ’
147 2244 209 2331 γόρ
244 2245 278 2313 ἔν
302 2273 365 2314 τινε
398 2252 540 2337 συλλόγῳ
563 2248 813 2334 διερωτήσαντος
843 2251 900 2313 τοῦ
922 2249 1099 2312 σονλτοόνσυ
1122 2246 1176 2313 τόν

17 2362 54 2417 20
62 2351 203 2431 βασιλέα
220 2343 275 2414 “nt'
293 2345 331 2414 όόν
343 2347 482 2433 ἔδρασας
494 2353 525 2416 εἰ
543 2345 643 2425 οὕτως
660 2346 751 2433 ἔσχες
770 2348 865 2425 αδτός
881 2352 937 2431 ἐμὲ
959 2348 1178 2434 δποχει’ριον;”

65 2450 288 2536 ἀννποκρότως
312 2450 367 2517 καὶ
386 2451 581 2529 α’θωπεότως
609 2455 724 2525 ἐκεῖνος
751 2448 937 2534 ἀπήγγειλεν
954 2445 1024 2514 “ότι
1046 2455 1176 2526 πολλαῖς

65 2557 140 2625 ταῖς
173 2558 306 2635 πληγαῖς
336 2548 579 2637 κατεδαποὶνησό
611 2577 668 2618 σου
699 2549 733 2616 τό
769 2556 863 2634 σῶμα
892 2550 1055 2636 γινωσκε.”
1099 2550 1115 2612 6
1140 2552 1175 2614 δὲ

60 2648 156 2715 “α’λλ’
178 2646 268 2734 ε’γεό”
293 2656 391 2739 φησιν
406 2651 467 2715 “ot
487 2652 672 2737 μιμήσομαί
692 2676 751 2717 σου
774 2650 809 2717 τό
835 2652 996 2736 αὐστηρὸν
1016 2652 1071 2715 καί
1091 2646 1176 2714 όπό-

68 2974 215 3027 tentorium
242 2981 380 3041 pararetur
407 2981 434 3025 et
455 2974 543 3027 cultus
568 2975 696 3038 idoneus,
723 2988 825 3025 coenae
853 2989 913 3025 eum
932 2976 1020 3026 statim
1039 2983 1066 3026 et
1086 2976 1172 3030 victus

68 3048 173 3099 socium
192 3045 315 3109 reddidit,
337 3061 395 3097 cum
415 3062 474 3097 eum
493 3060 547 3097 non
565 3055 671 3113 praeter
690 3046 809 3097 ordinem
829 3047 1015 3109 constitueret,
1035 3046 1083 3097 sed
1101 3049 1173 3097 assi-

69 3119 177 3170 dentem
202 3117 319 3184 ingenue
349 3116 435 3169 electo
455 3117 572 3169 concilio
593 3126 626 3169 et
642 3132 728 3184 aeque
748 3116 851 3167 bonore
879 3112 1041 3167 celebratum
1061 3116 1172 3167 laceret

69 3191 107 3241 ita
125 3188 168 3241 bis
187 3203 235 3255 per
256 3188 325 3239 diem
343 3190 375 3240 ad
396 3189 465 3240 hunc
485 3191 596 3241 veniens
617 3197 644 3239 et
663 3189 728 3239 conl
716 3186 837 3238 labulans
868 3204 927 3238 cum
947 3202 979 3237 eo
1000 3187 1077 3238 etad
1096 3187 1172 3239 soln-

68 3262 136 3313 tium
160 3262 305 3312 restituens
330 3260 418 3311 multis
438 3260 624 3324 sermonibus,
644 3260 688 3329 qni
708 3260 780 3310 vitae
807 3260 979 3310 mutationem
1003 3265 1174 3321 revocarent,

70 3349 119 3417 per
139 3340 200 3383 octo
219 3332 276 3383 dies
297 3346 355 3382 cum
381 3346 413 3382 eo
442 3334 533 3385 eadem
561 3329 770 3383 communicabat
795 3330 878 3381 verba
905 3338 930 3380 et
949 3330 1072 3393 salem,
1062 3346 1120 3380 cunr
1139 3344 1174 3379 ne

70 3408 98 3457 iu
118 3403 226 3455 minimo
246 3403 351 3486 quidem
369 3420 491 3455 sermone
511 3404 581 3455 hunc
602 3402 751 3455 ollenderet
776 3418 865 3470 neque
885 3403 1035 3469 quosdam
1029 3418 1056 3452 m
1078 3417 1174 3469 perse.
1201 3436 1210 3447 .

72 3477 182 3527 cutione
212 3474 345 3525 exercitus
365 3490 469 3527 errores
489 3484 727 3538 commemoraret,
754 3474 857 3543 quando
879 3476 957 3526 ctiam
984 3476 1028 3525 dei
1042 3462 1175 3525 iudicium

72 3548 147 3601 utin
167 3546 263 3596 ceteris
283 3546 319 3596 ita
339 3545 383 3595 bic
403 3562 509 3615 quoque
528 3549 624 3599 iustum
646 3556 672 3599 et
690 3548 826 3597 immotum
844 3548 975 3629 apparuit.
995 3562 1083 3614 περιτο
1103 3545 1173 3596 enlm

73 3617 156 3671 ceteri
175 3615 260 3668 solum
280 3617 327 3669 sed
348 3619 451 3684 etipse
471 3634 518 3670 rex
539 3628 630 3685 captus
656 3618 763 3685 dignum
785 3634 844 3668 eum
865 3634 924 3671 csse
945 3618 1061 3669 victoria
1079 3614 1173 3668 decla.
1221 3614 1225 3621 “

72 3691 151 3753 ravit,
172 3688 295 3755 quoniam
314 3688 403 3755 legem
431 3705 484 3741 uon
504 3689 604 3743 babens
629 3689 759 3758 diligendi
785 3690 876 3743 bostes
896 3690 994 3741 sensim
1013 3688 1064 3739 sibi
1083 3688 1175 3739 statuit
1214 3730 1221 3735 .

73 3762 168 3830 legem,
180 3758 298 3812 divinam
317 3777 331 3811 e
351 3760 420 3811 bona
449 3770 559 3812 naturae
577 3776 641 3813 suae
663 3762 854 3828 dispositione:
881 3777 969 3827 ncquc
988 3762 1058 3811 enim
1077 3774 1173 3826 supera

73 3834 113 3886 bis
140 3832 227 3882 omnia
251 3832 433 3899 contemplans
462 3832 535 3901 (dei)
567 3832 661 3883 oculus
686 3833 733 3885 sed
752 3834 876 3885 tenuibus
903 3840 929 3881 ct
958 3829 1174 3883 misericordibus

76 3904 215 3959 victoriam
233 3904 337 3967 tribuit,
357 3920 415 3954 cum
433 3918 487 3955 non
507 3905 550 3968 sit,
575 3912 604 3954 ut
621 3904 765 3955 secundum
784 3903 893 3955 Paulum
912 3903 1002 3955 divum
1022 3902 1173 3971 loquamur,

77 3991 159 4028 coram
180 3975 230 4024 deo
248 3976 397 4027 nobilitatis
415 3982 568 4042 respectus:
590 3989 646 4023 cum
667 3976 737 4024 enim
756 3990 804 4041 per
820 3973 987 4059 colloquium
1006 3976 1174 4042 interrogas-

77 4056 117 4097 set
136 4044 257 4100 sultanus
278 4030 380 4114 regem,
402 4048 463 4113 quid
483 4054 520 4128 tu,
540 4047 637 4113 inquit,
658 4044 786 4109 fecisses,
804 4048 827 4097 si
848 4048 885 4096 ita
904 4061 945 4096 me
963 4047 1021 4112 ipse
1041 4046 1172 4098 subditum

78 4118 224 4181 habuisses,
243 4117 292 4169 ille
312 4120 418 4170 sincere
439 4126 465 4177 et
483 4118 542 4168 eine
562 4116 617 4167 ulla
638 4117 818 4168 assentatione
836 4118 987 4184 respondit:
1009 4119 1111 4184 accipe,
1131 4132 1173 4166 me

80 4196 147 4241 tuum
178 4202 275 4256 corpus
308 4190 397 4243 multis
425 4189 582 4269 uerberibus
611 4188 793 4240 coniecturum
821 4188 914 4242 luisse.
958 4196 1011 4240 tum
1038 4188 1096 4240 hic:
1126 4186 1174 4239 sed
