2834 4750
516 323 724 402 pisaeum.
1125 323 1172 392 ιτ
1261 411 1264 418 ¹

169 480 400 565 Ὀρθριοότερον
430 484 465 548 δὲ
495 481 742 568 προσβαλόντων
768 489 833 558 τοῖς
859 481 1044 568 ἀνακτόροις
1075 509 1175 568 στρα-

69 582 226 648 τιωτικοόν
247 581 374 664 α’νδρτόν
393 585 447 647 καί
465 582 616 666 γενναίων
635 582 717 664 μετοὶ
744 583 851 669 ῥοίζου
884 587 1002 649 πολλού
1023 589 1079 649 καί
1099 588 1179 669 βοῆς

67 679 126 746 καί
144 681 166 766 η’
165 684 225 764 χῆς
245 687 425 766 σαλπίγγων
439 707 471 748 τε
493 683 547 748 καί
566 683 715 765 βυκίνων,
736 681 843 767 ὥσπερ
866 687 991 770 τυφῶνι
1009 689 1139 769 βληθείς
1156 684 1175 746 ό

66 777 220 864 βασιλεύς
244 783 287 868 τῷ
311 783 439 871 ἐξαισίῳ
460 787 514 866 τῆς
531 785 686 868 ταραχῆς,
707 787 770 849 τοῖν
792 783 974 867 ἀνακτόρων
994 782 1087 858 έκδύς
1108 809 1179 874 φο·-

40 879 128 964 ογάς
149 873 248 970 ᾤχετο
270 880 456 958 διαπόντιος
478 885 523 958 εἰς
543 882 601 964 τήν
621 887 679 948 τοῦ
692 885 846 948 Στοοδίου
865 882 974 968 μονήν,
995 888 1049 948 καί
1067 908 1176 968 περιε-

64 981 204 1064 χόμενος
224 983 288 1047 τοόν
317 983 445 1048 α’δύτων
473 982 603 1068 α’σαθης
629 987 819 1070 ἐφιλονείκει
847 987 1087 1078 σοντηρηθῆναγ
1121 987 1177 1048 κατ’

65 1079 112 1166 μη
141 1083 230 1158 δίκας
254 1085 367 1148 δούναι
392 1087 451 1148 τού
466 1083 770 1168 οἷνοσιουργηματος.
825 1083 894 1148 ἀλλ’
915 1085 933 1166 ἦ
957 1086 1028 1166 δίκη
1044 1084 1100 1167 την
1116 1108 1177 1147 κα-

65 1181 201 1268 ταδίκην
222 1184 309 1272 αύτῷ
331 1183 388 1247 unis
409 1187 454 1260 εἰς
475 1181 604 1269 μακρόν
622 1183 805 1267 διεβάλετο.
849 1178 986 1259 ἅπαντες
1007 1181 1069 1267 γόρ
1090 1185 1177 1266 βρό-

64 1306 177 1366 χοντες
198 1289 265 1348 κατ’
299 1286 402 1348 αύτοό
431 1287 603 1368 είσηλασαν
632 1287 677 1360 εἰς
708 1283 745 1347 τό
776 1279 878 1369 ἱερόν,
909 1285 965 1346 καί
984 1285 1039 1371 βίᾳ
1061 1285 1174 1349 τοῦτον

24 1411 56 1463 10
66 1381 158 1456 ἐκτός
180 1380 368 1460 ἑλκύσαντες
391 1382 509 1473 ἡμιόνῳ
528 1388 590 1456 ταῖν
610 1384 837 1469 εὐτελεστέρων
859 1385 914 1447 καί
928 1387 1081 1448 ταπεινῶν
1094 1381 1177 1470 φόρ-

63 1508 116 1550 τον
138 1487 251 1550 τοῦτον
282 1487 410 1550 τιθέασι
440 1491 684 1568 καταγέλαστον.
743 1482 798 1548 καί
822 1477 902 1566 ἄχρι
931 1485 987 1547 τού
1016 1487 1174 1573 Σίγματος

65 1581 253 1670 φθάσαντος
266 1581 366 1668 δόγμα
383 1591 589 1670 κατεφοίτησε
601 1589 656 1668 τῆς
668 1582 868 1670 Αύγούστης,
884 1581 941 1667 την
955 1583 1096 1666 πήρωσιν
1110 1586 1174 1651 τοῖν

64 1683 361 1770 όφθαλμῶναότού
383 1685 437 1750 καί
451 1689 509 1750 τού
526 1688 750 1772 πατραδέλφων
766 1682 862 1751 αύτοῦ
876 1690 932 1750 τοῦ
946 1689 1174 1768 νωβελλισίμου

65 1785 183 1849 αότίκα
198 1784 453 1868 ἐγκελευόμενον·
476 1787 573 1871 συνῆν
593 1785 655 1870 γοὶρ
678 1789 733 1850 καί
755 1777 847 1860 οὗτος
868 1786 966 1874 αὕτη),
992 1782 1174 1867 σύμβουλος

25 1911 56 1962 15
65 1880 135 1965 ἅμα
160 1887 215 1950 καί
228 1883 414 1972 συλλήπτωρ
430 1886 486 1951 καί
500 1889 556 1971 τῆς
571 1889 696 1971 οἰκτρᾶς
708 1885 824 1970 ταύτης
836 1887 933 1970 τύχης
948 1883 1096 1961 κοινωνός
1111 1909 1175 1949 κα·
1198 1910 1203 1921 ’

66 1985 269 2067 θιστόμενος.
312 1991 554 2071 κατενεχθέντες
577 1979 633 2051 οὖν
654 1992 716 2052 τῶν
736 1983 873 2072 ἡμιόνων
893 1987 1023 2069 ἀτίμως,
1047 1985 1174 2050 πόντων
1217 2050 1224 2070 ,

67 2083 225 2170 όρτόντων,
248 2083 306 2162 τός
329 2087 426 2172 κόρας
445 2089 509 2154 τῶν
531 2085 709 2172 ὀφθαλμῶν
733 2085 953 2172 ἐπεπόθησαν.
997 2089 1055 2150 καί
1072 2109 1174 2149 συνα-

66 2185 265 2266 ποβοόλλουσι
289 2187 346 2264 τός
367 2182 460 2270 όψεις
469 2191 521 2280 ,τῇ
541 2193 710 2276 βασιλείᾳ,
732 2191 787 2250 κατ’
803 2188 963 2272 μοναχικῇ
978 2188 1174 2270 παραδίδον-

66 2312 119 2351 ται
137 2289 241 2377 βιοτῇ,
265 2288 405 2375 διήγημα
436 2290 596 2375 γενόμενοι
624 2286 817 2373 σκυθρωπόν
837 2297 902 2363 τοῖς
923 2292 1097 2368 μετέπειτα,
1119 2285 1176 2351 κατ’
1222 2340 1228 2355 .

26 2389 149 2469 ηρπρός
177 2387 212 2454 τό
256 2399 396 2475 κρεῖττον
428 2390 647 2473 ἐπανόρθωσις
678 2392 741 2455 τοόν
763 2389 972 2474 ἀ’γνωμονεῐν
999 2388 1174 2452 ἐθελόντων

67 2487 146 2571 πρός
166 2490 242 2566 τούς
264 2488 540 2576 ενέργετήοαντας.
596 2492 783 2574 ἐβασίλευσε
815 2492 850 2555 δέ
880 2485 1058 2573 όΜιχαὴλ
1080 2479 1173 2563 οὗτος

67 2592 172 2674 μῆνας
192 2588 312 2672 μόνους
331 2596 431 2657 πέντε.
1086 2603 1089 2611 “

173 2693 234 2775 Τῆς
253 2694 289 2757 δέ
320 2692 485 2777 δεσποίνης
514 2694 548 2757 έκ
575 2694 630 2778 τῆς
662 2692 835 2777 όαερορίας
861 2690 1098 2775 ἐπανελθούσης
1118 2693 1175 2755 καί

67 2788 124 2877 τὴν
146 2795 314 2875 βασιλείαν
336 2784 433 2869 αὖθις
462 2792 716 2878 ἀναλαβούσης,
734 2795 921 2878 συνέρχεται
953 2794 1052 2879 ταύτῃ
1075 2793 1130 2854 καί
1151 2788 1173 2875 ἦ

124 2954 167 3006 15.
186 2952 270 3025 τύχης
289 2967 340 3005 om.
354 2953 533 3033 &supplevit
553 2956 631 3007 etiam
648 2955 790 3021 interpres.
866 2953 906 3006 18.
926 2954 973 3021 τῆς
988 2956 1132 3025 βασιλείας
1140 2953 1173 3030 (λ

168 3094 234 3147 Cum
261 3102 349 3144 autem
374 3109 450 3145 mane
480 3096 690 3163 aggrederentur
718 3095 818 3162 regiam
843 3092 973 3145 militares
1004 3092 1124 3144 homiues
1146 3096 1193 3144 et*
1269 3109 1277 3122 ·

70 3164 153 3222 lortes
171 3164 255 3215 multu
276 3182 334 3215 cum
358 3166 471 3217 tumultu
493 3175 520 3217 et
542 3166 658 3218 clamore
683 3175 709 3217 et
733 3167 823 3217 sonitu
847 3166 967 3216 tubarum
984 3164 1173 3215 buccinarum.

69 3250 129 3302 que,
150 3237 226 3303 quasi
244 3236 351 3287 turbine
370 3238 437 3288 ictus
457 3252 506 3289 rex
525 3238 651 3289 immensa
670 3237 839 3299 turbatione3
860 3239 935 3303 regia
955 3233 1079 3303 egressus
1098 3235 1173 3303 fugi-

69 3307 139 3358 tivus
158 3323 188 3358 se
209 3308 340 3373 corripuit
356 3316 428 3361 trans
447 3324 519 3372 mare
541 3309 572 3359 ad
584 3308 668 3361 Stadii
690 3307 854 3360 domicilium
874 3316 901 3358 et
919 3307 1083 3373 amplectens
1102 3315 1173 3357 tem.

69 3377 140 3443 plum
169 3378 310 3430 incolumis
335 3378 456 3431 studebat
479 3380 581 3431 servari
605 3395 693 3447 neque
722 3394 823 3446 poenas
842 3378 951 3432 solvere
972 3378 1069 3430 nefarii
1088 3378 1172 3440 iacti3

69 3449 115 3499 sed
133 3450 234 3500 iustitia
253 3464 365 3515 poenam
392 3452 416 3500 ei
441 3466 495 3502 non
515 3452 559 3502 diu
578 3451 695 3514 distulit;
729 3466 820 3502 omnes
851 3453 920 3501 enim
940 3450 1084 3501 frementes
1103 3464 1173 3499 cen-

69 3526 108 3569 tra
127 3534 186 3570 eum
205 3521 362 3572 invaserunt
379 3520 524 3588 templum,
545 3530 572 3573 et
594 3523 622 3574 vi
643 3522 713 3573 bunc
733 3531 807 3574 extra
825 3522 961 3573 trahentes
982 3520 1054 3570 mulo
1077 3535 1109 3570 ex
1126 3519 1173 3570 vi.

68 3588 181 3642 liuribus
202 3598 228 3642 et
246 3591 384 3643 humilium
404 3606 471 3644 unus
487 3593 557 3644 bunc
569 3595 708 3660 imponunt
726 3592 866 3645 ridiculum
886 3600 965 3660 atque
985 3592 1070 3641 denec
1083 3590 1173 3657 signu

69 3668 145 3713 antea
163 3663 278 3713 inustum
298 3671 378 3726 esset,
399 3663 534 3714 decretum
558 3666 697 3732 praecepit
715 3665 853 3732 Augustae
880 3662 1056 3714 ademtionem
1074 3661 1171 3712 oculo-

69 3747 124 3783 rum
145 3734 202 3785 eius
223 3742 250 3784 et
268 3733 394 3785 avunculi
408 3735 464 3784 eius
479 3734 638 3787 nobilissimi
654 3736 742 3788 statim
759 3738 933 3801 imperatum3
953 3732 1046 3783 aderat
1063 3733 1173 3783 enimet

70 3800 112 3853 bic
131 3804 156 3855 ei
175 3806 299 3855 conscius
316 3804 395 3857 simul
409 3813 436 3855 ct
449 3806 547 3869 socius,
566 3815 593 3857 ct
607 3806 684 3858 buius
699 3808 814 3858 miserae
827 3805 949 3856 furtunae
963 3805 1097 3871 particeps
1111 3805 1173 3855 exi.

71 3882 157 3938 steus3
177 3875 259 3926 delati
277 3877 359 3943 igitur
379 3875 484 3927 emulis
501 3878 614 3943 turpiter
633 3878 754 3928 omnibus
773 3874 953 3941 spectantibus
965 3875 1081 3942 pupillas
1101 3892 1170 3927 ocu.

71 3942 153 3996 lurum
175 3949 300 4013 expuncti
320 3954 389 4010 suut,
409 3954 436 3998 et
455 3946 532 3997 simul
552 3949 665 4013 perdunt
683 3947 783 3998 lumina
802 3962 860 3997 cum
872 3962 967 4015 reguo,
987 3955 1014 3998 et
1031 3946 1173 3999 monachi.

72 4028 116 4066 ese
134 4018 272 4069 truduntur
285 4019 367 4081 vitae,
390 4016 480 4068 subula
498 4017 561 4068 lecti
575 4019 658 4069 tristis
670 4019 795 4084 posteris,
814 4027 841 4069 et
852 4034 932 4071 causa
948 4019 1050 4085 lastigii
1069 4033 1172 4082 eorum,

71 4087 113 4151 qui
133 4089 230 4156 ingrati
251 4104 310 4142 esse
338 4087 466 4140 volebant
495 4104 560 4156 erge
583 4088 705 4141 bunede
732 4104 763 4142 se
780 4091 899 4144 meritos.
937 4093 1062 4161 regnavit
1083 4098 1172 4142 autem

73 4154 184 4211 llicbael
199 4158 242 4211 hic
262 4174 368 4213 menses
388 4160 462 4213 solos
481 4162 608 4230 quinque.

168 4228 233 4285 Cum
253 4240 341 4285 autem
365 4230 472 4285 domina
498 4248 532 4287 ex
555 4234 699 4304 peregriua
716 4240 788 4289 terra
814 4222 915 4288 rediret
933 4242 960 4287 et
976 4248 1089 4303 reguum
1108 4246 1171 4283 rur-

125 4326 210 4383 flt'ak.
229 4328 312 4383 Attal.
331 4326 399 4385 Birt·
913 4356 917 4364 ·
965 4332 984 4385 2
1162 4329 1166 4337 ’
