2834 4750
445 268 449 273 -
530 221 738 294 Bistonis.
1046 228 1052 231 ’
1112 216 1182 306 ttt

67 384 133 447 λον
156 382 196 469 τῇ
216 382 347 473 άρρήτρ
368 386 456 471 φορᾷ
477 383 531 449 κατ’
553 380 702 461 εἰιτινάξει
713 380 1027 465 προσαρασσόμενον,
1052 380 1111 466 τὴν
1124 380 1187 468 ῥῆ-

69 487 127 561 ξιν
148 484 260 561 βιαιάν
284 485 340 550 καί
360 478 523 565 ἀπότομον
544 479 697 564 ἐμποιεῖν.
742 479 898 565 τοσαύτην
921 484 947 547 δ’·
969 475 1052 549 εἶναι
1076 484 1118 571 τῷ
1134 504 1187 547 κε-

70 586 202 670 ραυνιίρ
225 582 305 665 πνρί
323 582 381 668 τὴν
402 584 542 668 φυσικήν
563 608 646 667 φασι
668 585 894 666 λεπτομέρειαν
915 579 958 659 οἷς
980 586 1061 668 μηδὲ
1086 582 1188 651 όόνα·

69 685 161 747 σθαι
184 682 420 763 καταβλάπτειν
441 684 477 747 τό
499 684 602 764 μανόν
624 678 646 767 ἢ
665 681 868 767 ὁπωσδήποτε
892 674 949 750 οόν
974 686 1093 768 πόρους
1112 682 1186 767 ἔχον

29 783 175 863 ὅσιὸμα
197 774 219 865 ἢ
239 787 392 867 βραχείαις
419 785 519 867 άπάς,
549 781 642 850 όποῖά
666 788 730 851 εἶσι
763 787 800 850 τά
829 807 864 851 τε
896 787 959 849 τοῖν
986 779 1185 869 όρασμάτον

70 886 185 949 πὲπλα
204 882 261 947 καί
282 876 343 949 όσα
369 888 516 952 τοιαῦτα·
558 890 614 951 καί
631 889 780 952 τοσοῦτον
803 880 872 968 ότι,
894 878 954 951 κάν
974 881 1056 970 τάχῃ
1079 885 1185 960 λινοῦς

72 982 261 1063 α’πάόεσμοι
283 978 305 1065 ἢ
331 981 526 1065 βαμβάκινος
556 980 577 1069 ἢ
604 980 715 1071 ἑτέρας
745 979 821 1069 ὕλης
851 985 1070 1069 ε’ξυφαομάνον
1104 978 1185 1065 κρά-

71 1086 196 1149 σπεδον
218 1082 398 1164 ἀπόδεσμον
429 1082 501 1167 ἔχον
531 1089 694 1171 χρυσίου,
729 1088 850 1172 ἐμπέσῃ
888 1085 925 1147 ds
955 1082 1108 1167 κεραυνός
1139 1085 1311 1161 elabisse

73 1180 176 1263 αάτό,
214 1181 246 1254 τὸ
276 1185 334 1264 μὲν
364 1194 499 1269 ’χρυσίον
535 1189 662 1253 άλλοιοι·
688 1185 742 1249 καὶ
771 1185 814 1261 aig
854 1188 888 1249 ἐν
918 1187 1037 1271 χανεάρι
1070 1180 1184 1269 φλογός

15 1304 63 1358 10
74 1284 135 1349 ἕνα
164 1287 267 1364 βάλον
303 1293 403 1367 ποιεῖ,
437 1284 471 1351 τό
509 1290 545 1353 δὲ
578 1289 637 1353 τοῦ
667 1282 859 1372 ὑφάσματος
890 1278 1053 1365 σωμάτιον
1084 1282 1186 1364 α’βλα·

74 1388 134 1467 llic
156 1385 391 1467 καταλιμπάνει.
436 1386 491 1452 κατ’
510 1388 565 1474 ἐπὶ
583 1392 639 1455 τοῦ
662 1382 835 1471 άνθράπου
858 1388 893 1451 δὲ
916 1384 1085 1460 ιόσαάτιος·
1129 1379 1184 1447 διά

77 1485 142 1573 γάρ
167 1491 230 1553 τιόν
249 1486 377 1571 άόὴλιον
398 1488 506 1570 πόρων
523 1492 581 1554 τοῦ
601 1490 749 1571 σώματος
770 1488 872 1551 αάτσῦ
893 1483 1118 1569 εἰσερχόμενον
1146 1477 1184 1555 τό

74 1590 140 1669 μὲν
163 1583 251 1654 ἔνδον
271 1587 370 1654 αὐτοῦ
394 1584 437 1663 άς
458 1588 637 1672 άλικάτερα
660 1588 717 1653 καί
738 1586 856 1671 πόρους
879 1583 928 1673 μά1
947 1583 1063 1667 ἔχοντα
1086 1608 1201 1659 καταυ,

77 1693 216 1769 νέμεται.
263 1688 297 1753 τό
322 1686 351 1751 d'
372 1686 492 1766 ἔξωθεν
508 1692 601 1770 σῶμα
624 1688 773 1765 πολλάκις
789 1686 827 1751 σά
843 1689 1042 1771 καταφλέγει,
1064 1678 1186 1750 καλεό-

24 1794 222 1874 15ρισκεται
246 1791 367 1875 κοῦρον
390 1792 454 1853 τάν
471 1792 653 1863 ,ε’ντοσθιλυι
680 1788 870 1870 σπλάγχνων
902 1788 1049 1862 καθάπαξ
1080 1785 1205 1851 λειπό.»

78 1912 186 1971 μενον.
232 1886 262 1952 οἱ
284 1892 321 1954 di
343 1891 468 1955 ἰδιῶται
488 1893 637 1973 μέγιστον
658 1886 787 1972 ἑρπετόν
812 1889 1026 1971 δρακοντόδει
1056 1887 1187 1951 άντάλε-

78 2013 136 2072 γον
156 1987 215 2074 τὴν
247 1991 355 2056 αι’τιάν
378 1993 440 2055 τάν
461 1987 611 2066 τοιοάταν
638 1991 776 2071 εἰσάγειν
799 1989 912 2051 πολιόν
925 2034 935 2066 ,
967 1983 1186 2069 ἁρπαζόμενον

79 2091 141 2171 μὲν
163 2085 224 2155 άπό
250 2074 390 2173 άοράτοο
413 2088 496 2165 τινός
520 2087 702 2170 δυνάμεως,
722 2070 811 2166 ὄνυξι
835 2088 870 2151 δὲ
899 2085 954 2151 καί
974 2085 1107 2167 δυνάμει
1131 2088 1186 2170 τῆς

80 2194 115 2254 ἐν
133 2190 219 2276 edroi
240 2191 437 2275 τραχύτητος
458 2191 513 2255 κατ’
534 2192 593 2255 τάν
613 2183 751 2273 ἑλιγμῶν
778 2184 817 2251 τά
841 2186 1064 2273 προστυχόντα
1089 2188 1185 2269 (λιαρὴ

27 2290 245 2377 ἳθρηγνάειν,
268 2285 349 2355 όπου
373 2290 495 2376 δηλαδὴ
516 2285 676 2382 τάχῃτάς
709 2290 917 2363 άντιπτιάσεις
947 2292 1000 2353 κατ’
1028 2286 1185 2356 άντισιιά·

81 2415 148 2468 σεις
172 2391 273 2463 αὐτοῦ
295 2395 514 2476 προσερεάόειν
537 2397 593 2461 κατ’
615 2392 811 2475 ἀντιβαίνειν
833 2399 897 2465 τοῖς
918 2388 1055 2454 ἕλκουσι.

183 2491 253 2558 Καὶ
274 2490 309 2556 τό
330 2497 391 2576 μὲν
413 2491 448 2560 ἐκ
468 2497 527 2560 τοῦ
553 2495 646 2577 άέρος
668 2495 783 2576 δεῖγμα
804 2492 945 2578 τοιοάτον
970 2490 1184 2560 sciscendum

81 2601 146 2668 τοϊς
175 2593 430 2679 φιλοπράγμοσιν
458 2596 619 2676 όμποιοόν.
662 2591 679 2657 ό
711 2596 746 2657 δὲ
767 2590 920 2676 βασιλεάς
941 2592 1002 2658 τιόν
1024 2591 1185 2675 προτόνων

155 2748 357 2876 1ΐὶιίὶίιὲθρπεστόν
374 2754 404 2808 0.
477 2757 520 2809 23.
539 2762 601 2824 post
618 2756 757 2828 λμπσιοάν
779 2755 859 2850 deest
874 2753 1040 2846 ,δισταγμάν
1058 2751 1104 2843 vel
1124 2749 1187 2821 quid

88 2972 227 3026 fracturam
252 2970 397 3024 violentam
424 2980 451 3024 et
468 2975 643 3042 praecipitem
663 2973 796 3026 excitare:
824 2979 1030 3026 tentamentum
1050 2985 1110 3026 esse
1128 2970 1186 3026 iul-

87 3045 174 3096 mineo
193 3043 250 3111 igni
269 3041 417 3096 naturalem
435 3046 607 3110 tenuitatem,
626 3054 656 3096 ot
674 3059 728 3096 nou
753 3045 838 3110 possit
861 3043 955 3096 damno
974 3041 1084 3094 allicere
1104 3049 1186 3097 tenue

88 3114 132 3168 vel
151 3115 339 3184 quovismodo
372 3123 474 3168 meatus
501 3115 601 3170 habens
626 3131 723 3183 corpus
752 3113 797 3166 vel
815 3113 909 3166 brevia
934 3113 1073 3176 foramina,
1093 3111 1186 3181 qualos

89 3195 148 3240 sunt
165 3193 297 3238 textorum
316 3195 407 3241 vestes
423 3195 450 3238 ct
463 3186 543 3239 talia:
560 3197 642 3256 atque
661 3189 713 3250 ita,
734 3186 802 3239 uisi
823 3193 864 3238 est
885 3201 918 3237 ex
936 3185 992 3237 lino
1012 3183 1187 3252 ligamentum

90 3257 133 3309 vel
149 3257 335 3324 bombycinum
364 3259 409 3310 vel
430 3275 463 3310 ex
482 3258 535 3311 alia
559 3259 668 3310 materia
693 3265 766 3310 texta
784 3257 875 3310 instita
894 3257 1066 3325 ligamentum
1084 3253 1186 3310 tabens

90 3345 205 3394 auream,
226 3337 253 3380 et
269 3330 364 3382 incidit
383 3330 484 3382 fulmen
504 3331 532 3382 in
550 3330 627 3395 illud,
647 3345 739 3382 aurum
760 3336 875 3382 mutetur
895 3335 1065 3396 etitanquam
1083 3324 1186 3381 conda.

48 3404 52 3411 '
90 3411 147 3454 tura
166 3400 285 3453 dammae
305 3418 385 3454 unum
411 3402 520 3470 globum
536 3409 687 3469 componat,
706 3409 806 3453 textum
837 3409 924 3452 autem
944 3414 1041 3466 corpus
1060 3399 1187 3450 intactum

91 3473 237 3540 relinquat:
257 3480 336 3540 atque
355 3474 382 3524 in
404 3474 511 3526 homine
530 3475 603 3525 item.
641 3472 830 3542 perobscuros
858 3473 926 3522 enim
945 3477 1047 3522 meatus
1066 3468 1187 3536 corporis

91 3547 252 3610 ingressum,
279 3543 422 3596 interiores
448 3547 627 3612 emanantes,
656 3552 686 3598 ut
703 3545 787 3612 magis
815 3558 958 3611 corporeas
977 3555 1065 3609 neque
1085 3546 1187 3598 meatus

91 3613 226 3676 habentes,
245 3614 379 3681 depascit,
407 3624 545 3668 externum
571 3625 658 3668 antem
685 3631 783 3683 corpus
811 3630 892 3682 saepe
920 3629 973 3667 non
993 3612 1141 3674 comburit;
1160 3617 1189 3664 et

91 3685 223 3738 invenitur
242 3684 321 3735 inane
346 3686 481 3740 intestinis
499 3687 588 3741 subito
607 3687 739 3740 relictum.
790 3687 906 3753 imperiti
925 3692 1014 3737 autem
1033 3690 1126 3735 contra
1143 3681 1186 3738 di.

94 3757 184 3809 cebant
201 3756 342 3806 maximnm
362 3773 479 3809 vermem
501 3759 624 3810 draconis
643 3759 726 3812 instar
746 3773 849 3809 cansam
869 3756 961 3808 talium
979 3755 1080 3808 inferre
1099 3751 1187 3806 malo.
1206 3784 1211 3796 ·

93 3845 159 3880 rum:
184 3835 287 3894 raptum
311 3827 344 3878 ab
364 3828 494 3879 invisibili
520 3830 652 3894 potentio,
678 3829 812 3896 uoguibus
832 3835 918 3879 autem
949 3835 975 3878 ct
993 3827 1020 3878 vi
1040 3825 1187 3878 celeritatis

95 3909 119 3951 et
136 3897 268 3950 turbinum
292 3898 404 3950 adversa
422 3915 611 3967 perrumpere,
631 3901 736 3967 quando
756 3899 843 3950 illidat
872 3898 1033 3952 contrarium
1053 3910 1140 3953 casum
1160 3902 1189 3952 αλ

93 3970 266 4024 resistentiam
294 3978 321 4021 et
340 3978 433 4021 contre
450 3986 482 4022 ac
499 3970 636 4022 trahentes
656 3979 716 4035 eat,
738 3979 817 4039 atque
837 3986 870 4022 ex
889 3975 951 4022 aere
971 3977 1114 4022 monstrum
1132 3966 1186 4024 lule

97 4049 121 4092 et
136 4048 235 4094 tantum
255 4041 404 4109 negotiosis
424 4041 542 4094 eiliccrc.

133 4168 135 4175 <
190 4130 242 4182 Sed
260 4147 308 4184 rex
328 4131 462 4199 prioribus
474 4132 583 4187 studens
603 4139 630 4185 et
647 4138 728 4184 noctu
748 4139 775 4186 et
792 4132 835 4185 die
855 4130 1027 4202 generalibus
1045 4131 1125 4187 rebus
1145 4129 1188 4182 in.
