2834 4750
261 291 336 370 262
555 299 773 414 nimbibus
801 299 1059 374 numurus

259 472 303 550 τίς
324 474 360 540 δὲ
379 471 431 540 τὸν
455 475 536 560 οίίρα
568 476 712 558 πληττιον
734 475 836 557 λμόνον
862 477 1036 556 ἐδείκνυτο,
1058 479 1114 540 καί
1131 466 1206 551 ὄνος
1231 467 1274 559 ἧν
1296 473 1365 559 πρὸς

260 571 403 654 λογικοίς
424 576 478 638 καί
505 575 645 661 λογισμῷ
669 579 822 659 κρείττονι
844 578 1202 660 κατεστρατηγημένους
1228 572 1365 658 δμκαλμε-
1406 586 1407 619 ³

258 693 328 752 νος,
359 672 438 760 ὀργῇ
459 672 514 738 καί
540 675 635 762 θυμῷ
657 673 714 758 την
739 675 851 758 ψυχὴν
872 678 1061 756 ε’κκαυθείς,
1085 679 1142 740 καί
1160 673 1321 758 βακχικόν
1338 701 1366 739 τι

258 770 314 838 καί
343 772 526 858 σιληνιαιιὸν
555 774 780 861 πεφρονηκοίς,
803 777 873 859 ’πῦρ
905 778 995 858 ίνῆκε
1022 785 1093 852 ταῖς
1106 781 1367 861 ,παρακειμένοις

258 873 372 951 οίκίαις
393 871 456 938 α’πό
476 877 535 938 τοῦ
557 874 647 958 ἁγίου
672 873 935 959 Παντελεημονος
954 879 1052 960 μεχρι
1072 879 1136 942 τῶν
1162 875 1385 958 drentem-t

259 997 322 1038 νιιν
337 976 445 1055 μεροῖν
475 977 532 1039 τοῦ
553 979 677 1040 Στενοῦ.
733 978 790 1044 καί
810 975 830 1058 ἦ
849 974 932 1061 φλόξ
954 979 1093 1061 α’ρθεῖσα
1116 975 1229 1051 πάσας
1251 969 1366 1058 σχεδόν

258 1072 317 1148 τοὶς
344 1076 446 1151 οίκίας
485 1073 566 1160 πλην
597 1074 709 1155 ὀλίγον
737 1073 1012 1160 κατεδαπάνησεν,
1032 1071 1076 1152 οὖς
1096 1079 1153 1140 καί
1176 1075 1366 1162 εδκτηρίους

259 1169 364 1248 οἴκους
386 1179 441 1240 καί
460 1181 659 1261 περικαλλείς
679 1177 781 1252 οἰκίας
794 1180 851 1241 καί
870 1174 968 1252 ναοῦς
985 1175 1162 1261 ἐπισήμους
1188 1179 1297 1261 πυρὸς
1316 1201 1365 1259 ys·

258 1275 372 1338 νίοθαι
397 1277 571 1358 θεομιοοῦς
593 1276 825 1360 παρανάλωμα.
868 1279 1066 1359 καὶμᾶλλον
1087 1278 1149 1342 τῶν
1163 1278 1363 1356 Ἰουδαϊκῶν,
1384 1302 1388 1306 ’

260 1370 313 1438 δια
337 1372 372 1440 τί
397 1379 503 1454 ξύλοις
529 1381 739 1463 κατηρτίσθαι
760 1375 881 1463 πάσας,
913 1377 1048 1459 οὐδεμία
1070 1378 1208 1462 διέφυγε
1231 1373 1297 1460 τήν
1316 1379 1398 1442 rodit

261 1471 362 1557 πυρός
390 1469 516 1562 ἔροοην.1
554 1478 645 1566 ἐῴκει
677 1480 713 1542 δὲ
744 1469 834 1552 οὗτος
860 1480 906 1568 τρῖ
937 1480 1083 1560 μέλλοντι
1103 1479 1164 1557 μὲν
1188 1476 1366 1570 ἀποσβέσαι

258 1678 368 1756 μεῖζον
396 1679 573 1764 ίκαίροντι·
625 1682 804 1759 μισοῦντας
834 1680 897 1764 γὰρ
928 1681 1027 1746 ου’τὸν
1055 1679 1133 1755 τούς
1159 1680 1302 1754 πολίτας
1322 1682 1370 1742 καί

259 1772 317 1842 τὸν
336 1775 450 1843 τούτου
476 1778 687 1868 ου’τοὶδελφον,
709 1785 756 1856 εἷς
777 1788 883 1846 πλεῖον
907 1790 1001 1864 μλσος
1031 1784 1065 1846 ἐκ
1084 1784 1140 1863 τῆς
1159 1767 1368 1864 ἅτοιτοοτατης

147 1943 152 1954 .
259 1875 393 1962 ἠρέθισε
416 1879 568 1964 πράξεως.
612 1881 655 1958 οὖς
677 1885 706 1946 δ’
728 1880 809 1967 ἔγνω
830 1878 947 1947 ἓαυτόν
976 1882 1077 1968 μα’την
1099 1883 1154 1946 ε’πί
1174 1888 1294 1955 κακοῖς
1316 1883 1396 1950 ori-15

259 1975 424 2059 λιζόμενον
447 1984 502 2046 καί
524 1978 675 2060 διαύλους
693 1981 813 2066 σκηνὰς
834 1979 1058 2068 ίρμαζόμενονᾷ
1081 1986 1137 2046 καί
1158 1984 1207 2070 τῷ
1230 1985 1368 2065 χειμῶνι

259 2078 369 2155 δεινοῖς
390 2081 545 2162 μετοὶταῖν
566 2087 869 2169 συστρατευομένων
891 2085 979 2172 adrui
999 2084 1197 2167 πιεζόμενον,
1220 2080 1367 2166 οἷναστή-

258 2203 318 2253 σας
346 2178 403 2266 τὴν
433 2182 586 2268 οτρατιοὶν
617 2185 696 2269 πρὸς
729 2179 870 2267 ἑσπέραν
900 2181 1039 2265 ἐβάδιζε.
1091 2187 1147 2246 καί
1176 2179 1287 2258 ου’τὸς
1313 2185 1367 2265 μὲν

257 2278 318 2344 συν
338 2281 414 2348 δυσί
434 2281 650 2369 παρατάξεσιν
672 2285 719 2360 εἰς
740 2284 783 2362 τὸ,
798 2286 857 2348 τοῦ
876 2271 1001 2367 >latua
1023 2287 1188 2368 πολίχνιον
1211 2278 1368 2366 κατεσκη·

255 2406 348 2465 νουσε,
370 2380 406 2447 τὸ
430 2386 464 2449 δὲ
485 2384 595 2451 λοιπὸν
618 2389 739 2472 πλῆθος
761 2388 806 2460 εἰς
827 2385 1093 2469 παραχειμασίαν
1113 2384 1284 2449 διέδωκεν.
1372 2396 1399 2448 tt

354 2486 431 2567 Ὀψὲ
453 2488 488 2551 δὲ
521 2485 575 2551 καί
596 2489 742 2572 βραδέως
774 2481 790 2548 ὅ
818 2483 970 2569 βασιλεῦς
992 2481 1176 2569 ἐπεμνήσθη
1198 2485 1259 2547 τοῦ
1274 2482 1365 2547 ‘Poo-

256 2587 363 2651 σελίου
387 2584 443 2651 καί
462 2590 519 2672 τῆς
539 2587 639 2651 αὐτοῦ
651 2586 894 2671 γενναιότητος,
914 2582 1058 2666 πύματον
1078 2578 1151 2667 ὅρα
1166 2585 1224 2647 καί
1247 2580 1365 2669 ἔξωρον

255 2682 290 2751 τὸ
308 2687 495 2751 λυσιτελοῦν
517 2687 786 2774 προστησάμενος.
840 2683 1004 2771 ἔχωνγὰρ
1029 2682 1128 2750 odedu
1148 2686 1184 2749 ε’ν
1205 2709 1364 2771 παραφυ-

255 2975 344 3032 solum
363 2986 506 3046 appareret
522 2986 551 3031 st
571 2979 661 3033 asinus
683 2986 756 3033 esset
773 2980 902 3031 adversus
921 2977 1026 3029 ratione
1044 2976 1181 3044 praeditos
1201 2983 1229 3028 et
1250 2977 1363 3028 ratioci-

254 3050 365 3103 natione
383 3051 498 3104 meliore
517 3052 610 3105 ductos
628 3053 746 3115 rudens,
765 3052 806 3102 ira
831 3058 858 3100 et
876 3052 963 3101 animo
983 3056 1092 3101 onustus
1111 3049 1225 3100 animam
1247 3056 1275 3099 et
1292 3047 1363 3099 Bac.

255 3122 363 3174 cbarum
385 3129 412 3173 et
431 3122 582 3175 suenorum
600 3125 662 3191 quid
682 3124 800 3191 spirans,
821 3123 911 3189 ignem
925 3122 1019 3172 iniecit
1037 3118 1221 3171 adiacentibus
1242 3120 1363 3171 domibus

255 3194 316 3245 inde
337 3208 352 3244 a
371 3192 398 3247 S.
420 3192 625 3247 Pantclcemone
644 3210 730 3263 usque
757 3195 789 3245 ad
809 3209 854 3244 eas
874 3209 942 3260 quae
961 3208 1064 3244 sursum
1088 3192 1258 3259 -navigantur
1275 3199 1363 3257 partes

254 3266 452 3332 angustiarum:
472 3274 551 3333 atque
570 3264 672 3317 damma
692 3266 807 3318 excitata
826 3280 917 3316 omnes
938 3264 996 3314 iere
1016 3263 1107 3314 domus
1126 3263 1219 3329 paucis
1242 3263 1363 3328 exeeptis

256 3337 412 3401 consumsit,
432 3337 470 3388 ita
487 3343 516 3389 ut
534 3338 612 3387 etiam
631 3337 733 3389 sacella
752 3336 876 3403 precibus
889 3334 1026 3387 'faciendis
1051 3335 1182 3385 destinata
1202 3340 1229 3383 et
1247 3333 1362 3400 perpul.

256 3406 335 3459 chres
356 3408 449 3460 domus
466 3416 493 3459 et
510 3407 609 3475 templa
626 3408 766 3475 praeclara
790 3408 861 3476 ignis
889 3408 986 3458 fierent
1003 3406 1053 3456 deo
1073 3406 1154 3457 invisi
1175 3412 1300 3456 sumtus:
1321 3412 1363 3453 at-

255 3494 307 3547 que
326 3481 410 3548 magis
432 3495 464 3530 ex
482 3478 597 3531 Iudaicis
619 3481 681 3547 quia
701 3494 793 3531 omnes
813 3479 893 3546 lignis
913 3485 989 3528 erant
1017 3484 1183 3539 exstructae,
1208 3476 1286 3527 nulla
1312 3476 1362 3525 do.

255 3564 313 3602 mus
332 3551 427 3619 elingit
456 3552 525 3619 ignis
552 3550 687 3618 impetum.
737 3549 877 3602 videbatur
902 3557 989 3600 autem
1017 3547 1061 3598 hic
1087 3548 1261 3614 exstinguere
1286 3545 1362 3599 velle

257 3622 365 3689 ignem,
391 3622 439 3674 sed
458 3621 521 3674 oleo
542 3630 634 3673 contra
654 3638 714 3673 eum
733 3637 796 3672 usus
826 3622 880 3672 vim
899 3620 961 3671 indo
978 3621 1106 3670 maiorem
1126 3620 1265 3671 excitare:
1283 3620 1363 3669 cives

256 3693 341 3757 enim,
362 3695 407 3761 qui
427 3708 487 3745 eum
516 3694 619 3745 eteius
650 3694 758 3745 fratrem
777 3693 903 3756 oderant,
929 3691 961 3742 ad
980 3692 1063 3741 mains
1083 3690 1171 3741 odium
1191 3690 1361 3755 ineptissimo

256 3764 383 3816 excitavit
401 3764 481 3817 lacto.
520 3780 578 3815 oum
599 3774 688 3816 autem
707 3763 888 3815 intellexisset
907 3779 937 3815 se
956 3762 1053 3832 frustra
1072 3763 1100 3812 in
1111 3759 1190 3812 malis
1210 3762 1316 3813 versari
1336 3768 1363 3809 et

254 3835 282 3885 in
308 3838 437 3904 angustiis
463 3838 579 3887 tentoria
605 3837 714 3901 lacere,
743 3844 769 3885 et
796 3835 884 3885 hieme
919 3834 1038 3901 graviter
1065 3848 1123 3883 cum
1146 3831 1277 3882 militibus
1306 3832 1362 3881 suis

255 3907 354 3971 premi,
384 3909 503 3961 excitans
524 3909 670 3959 exereitum
693 3908 726 3959 ad
745 3907 912 3958 occidentem
941 3903 1106 3971 procedebat
1122 3910 1202 3970 atque
1221 3905 1281 3968 ipss
1302 3918 1361 3951 oum

255 3974 356 4029 duobus
376 3979 512 4031 ordinibus
530 3979 558 4029 in
578 3979 789 4047 oppidoAtbyra
809 3985 894 4030 castra
906 3977 1009 4043 posuit:
1029 3974 1159 4042 reliquam
1178 3981 1269 4024 autem
1287 3973 1360 4022 mul.

254 4044 393 4097 titudinem
413 4051 439 4098 in
459 4050 571 4101 hiberna
589 4052 696 4104 divisit·

317 4197 322 4205 ,
341 4139 420 4193 'Sero
440 4153 527 4196 autem
547 4155 574 4197 et
591 4149 666 4199 tarde
684 4124 734 4199 rex
758 4148 914 4199 meminerat
932 4144 1037 4200 lluselii
1063 4145 1176 4211 eiusque
1195 4140 1358 4203 nobilitatis,

255 4211 376 4264 ultimum
398 4220 427 4264 'et
451 4216 667 4279 intempestivum
694 4218 764 4283 quod
782 4218 912 4284 prodesse
939 4223 1031 4284 posset
1050 4217 1223 4268 constituens.
1264 4221 1357 4265 tenens
