2834 4750
238 254 311 346 lli
542 270 762 343 ureuanrrs
790 269 1049 385 turtureum

234 437 304 522 γῆν.
353 435 425 502 tusa*
459 437 495 501 dd
522 433 609 520 παρό
641 440 699 500 sod
725 433 782 520 τὴν
809 433 972 514 Βόζαντος
999 434 1229 516 βασιλεύοντος
1251 457 1354 517 μετε-

234 539 369 622 πέμφθη
404 531 421 598 ό
444 538 498 620 τῆς
523 535 661 622 μεγάλης
685 538 881 620 Ἀντιοχείας
910 533 1095 615 serendam,
1118 536 1353 620 Χατατσόριος

235 636 518 722 ἐπονομαζόμενος,
540 640 574 716 ἐξ
591 637 768 721 Ἀρμενίων
791 641 819 702 δ’
840 638 939 704 ἕλκων
965 636 999 701 τό
1025 640 1125 720 γένος,
1147 635 1206 710 καί
1217 628 1351 716 ’προσε-
1397 692 1404 733 η

235 733 316 821 τόγη
338 735 476 818 πόλεμον
494 740 538 822 τῷ
558 740 692 826 Διογένη
714 741 900 822 ἐπενεγκεῖν,
924 740 1056 823 α’φίκετο
1084 742 1146 819 μὲν
1165 740 1217 809 εἰς
1241 741 1350 821 Τυρο-

234 835 327 903 αοιόν
346 835 427 918 μετό
450 841 566 920 πολλῆς
599 840 654 920 τῆς
675 838 840 921 δυνάμεως
865 837 986 903 ἱππέων
1007 861 1041 901 τε
1073 836 1130 902 καί
1146 840 1268 918 τεῶν,
1287 855 1369 907 ata-5

234 937 471 1020 τοικτισιίμενος
503 940 537 1002 δὲ
567 935 621 1002 τὸν
644 942 796 1023 Διογένην
814 941 871 1021 τῆς
892 941 1011 1023 τύχης,
1035 936 1090 1002 καί
1109 932 1182 1020 ἅμα
1206 935 1348 1022 χάριτας

213 1037 335 1128 ,ταύτην
365 1044 606 1119 προσομολογεῖν
636 1035 718 1119 ἔχων
746 1036 790 1113 ὥς
819 1042 892 1122 παρ’
926 1035 1045 1104 ἐκείνου
1078 1036 1134 1120 την,
1156 1037 1268 1120 ἀρχὴν
1288 1039 1347 1119 τῆς

165 1198 168 1202 ,
233 1137 422 1221 Ἀντιοχοιλος
449 1135 556 1220 λοβόν
569 1189 578 1219 ,
612 1141 764 1203 συνέθετο
785 1139 887 1227 ταύτην
919 1143 974 1204 καί
1002 1141 1060 1222 τῆς
1081 1139 1208 1203 ἐκείνου
1228 1141 1346 1222 μοίρας

234 1243 366 1324 ε’γίνετο,
385 1241 439 1306 καί
459 1240 546 1314 τινας
564 1242 628 1305 τοόν
648 1244 865 1323 στρατιωτῶν,
887 1234 934 1315 οἷς
954 1243 988 1303 ίκ
1007 1242 1165 1322 βασιλέως
1190 1235 1341 1319 demptura
1367 1283 1374 1298 .

233 1340 435 1424 συνάρασθαι
466 1340 564 1426 τοότην
596 1345 658 1406 τιόν
680 1338 758 1405 κοτό
777 1344 947 1424 Διογένους
964 1341 1099 1422 μόθων,
1135 1341 1203 1405 τῶν
1239 1339 1377 1411 inumata

234 1440 455 1526 όποστερήσας
475 1446 530 1506 καί
548 1444 604 1524 τῆς
624 1435 721 1526 ἄλλης
743 1442 930 1532 α’ποσιιευῆςι
943 1438 1084 1527 γυμνοός
1105 1437 1237 1504 ἐκεῖθεν
1259 1437 1340 1522 α’πὴ-

233 1546 339 1605 λασεν.
386 1535 456 1607 εἶτα
491 1539 605 1626 μικρόν
624 1567 654 1605 τι
687 1543 844 1606 διολιπιόν
870 1542 931 1606 σόν
959 1544 1003 1630 τῷ
1036 1547 1166 1623 βασιλεῖ
1193 1541 1251 1604 καί
1284 1549 1342 1614 τοῖς

234 1639 318 1726 ἄμφ’
340 1639 438 1706 αόεόν
460 1642 672 1727 στρατιώταις
692 1646 738 1718 εἰς
759 1642 814 1725 την
834 1644 899 1708 τόν
915 1641 1057 1708 Κιλίκων
1079 1638 1195 1724 χώραν
1217 1643 1342 1720 διέζευ-

233 1745 306 1822 ξεν,
333 1736 414 1823 όμοῦ
443 1743 501 1825 μὲν
528 1745 790 1827 παραχειμασίαν
821 1745 854 1807 ἑν
883 1746 965 1829 adep}
989 1741 1342 1826 πριησόμενος.(παρὴ-

231 1864 345 1923 μειπτο
365 1839 425 1928 γὰρ
462 1840 496 1907 τό
518 1840 759 1930 φθινόπωρον),
790 1840 874 1923 ipse
898 1846 932 1907 dd
954 1842 1090 1940 όόναμιν
1110 1834 1228 1924 ἑτέραν
1250 1842 1286 1905 ἕν
1302 1843 1378 1928 epte

233 1943 376 2030 όσφαλεῖ
391 1942 615 2027 συλλεξόμενος
636 1946 691 2009 καί
721 1943 794 2021 τοός
822 1941 884 2008 όπό
904 1948 964 2008 τοῦ
985 1941 1160 2007 σουλτόνου
1185 1947 1343 2027 πεμφθη-

146 2119 151 2141 ι
236 2045 390 2126 σομόνους
413 2045 492 2126 μετό
515 2047 640 2129 διοριάν
661 2042 808 2130 τοιαότην
830 2049 1031 2125 καταλαβεῖν.
1070 2032 1077 2044 ’

165 2228 168 2238 Ι
322 2133 461 2210 'Elaeos
481 2148 527 2228 ¹dd
555 2148 587 2211 τὸ
620 2137 712 2231 ἧττόν
739 2143 975 2227 αἱρετισόμενοι
1005 2146 1060 2208 καί
1080 2140 1119 2209 τό
1141 2147 1248 2228 χείρω
1272 2147 1341 2206 καθ’

210 2240 356 2310 ’ἓουτοόν
387 2248 648 2329 βουλευσόμενοι.
682 2248 741 2311 τοῦ
765 2245 827 2331 γὰρ
858 2251 1105 2329 τροπωσαμένου
1128 2241 1187 2326 τὴν
1210 2243 1343 2328 πραότητι

231 2345 288 2415 τόν
310 2349 460 2433 Διογένην
480 2349 513 2413 ἐν
534 2351 574 2436 τῇ
596 2347 676 2415 κατὰ
711 2346 765 2414 τὸν
786 2347 945 2434 Ἀλυοὶτην
965 2349 1110 2433 συμβολῇ
1132 2346 1172 2432 τῇ
1194 2344 1378 2428 praestatem

232 2442 541 2533 ε’παναστρὲιμαντος,
564 2438 791 2534 διεσκορπίσθη
811 2446 898 2513 όπαν
919 2447 957 2512 τό
980 2450 1040 2513 σόν
1064 2446 1151 2535 αὐτῷ
1171 2470 1340 2530 στρατιω-

231 2546 316 2613 τικόν
336 2544 380 2622 οἷς
401 2552 459 2613 του·
477 2551 636 2632 χειμῶνος
658 2552 850 2634 ἐγγίσαντος,
874 2549 928 2613 καί
948 2536 988 2633 ἦν
1008 2550 1140 2632 εόχερὲς
1161 2554 1228 2621 τοῖς
1251 2549 1344 2631 eppa·

231 2646 287 2711 τόν
307 2652 459 2733 Διογένην
479 2648 561 2730 μετὰ
583 2652 736 2717 τυσοότου
748 2654 891 2736 πλήθους
909 2652 955 2725 είς
975 2647 1033 2733 την
1043 2648 1212 2731 Ῥωμαίων
1233 2651 1342 2731 ε’μβα-

307 2809 348 2861 16.
369 2811 570 2883 συλλεξάμενος
591 2812 620 2866 G.

934 2894 950 2928 ο

228 2958 257 3009 in
282 2955 354 3008 ealle
381 2957 458 3009 situm
487 2960 604 3024 munito,
638 2960 809 3028 exspectabat
834 2960 951 3012 laturum
977 2951 1095 3027 undique
1118 2959 1254 3011 advocans
1276 2960 1338 3009 mi.

230 3028 292 3081 lites
318 3027 428 3080 auxilia.
467 3045 525 3081 cum
549 3038 636 3083 autem
661 3048 676 3083 a
703 3048 770 3101 rege
798 3031 930 3096 Byzantio
957 3032 1101 3083 arcessitus
1131 3038 1204 3082 esset
1220 3046 1339 3099 magnae

229 3099 391 3154 Antiochiae
415 3100 595 3168 limitaneus,¹
624 3103 793 3157 Chataturius
819 3106 989 3167 nominatus,
1010 3110 1038 3152 et
1051 3118 1090 3153 en
1101 3102 1228 3155 Armenia
1247 3117 1337 3169 genus

231 3173 340 3236 ducens,
361 3180 388 3223 et
406 3174 495 3225 iussus
524 3182 595 3227 esset
613 3173 713 3226 bellum
741 3176 862 3243 Augusta
889 3175 1009 3237 inierre,
1038 3173 1148 3225 advenit
1166 3173 1338 3239 Tyrapeeum

229 3242 312 3295 multa
333 3259 390 3296 cum
420 3246 541 3297 exercitu
561 3248 678 3313 equitum
703 3255 730 3298 et
755 3248 889 3313 peditum:
916 3247 1057 3297 miseratus
1076 3253 1166 3296 auteur
1183 3246 1338 3312 Augustum

230 3322 341 3381 propter
358 3315 490 3367 fortunam
509 3317 643 3395 simulque
670 3319 769 3388 gratias
789 3317 852 3369 huie
871 3317 975 3369 referre
994 3316 1090 3369 voleus
1110 3322 1206 3383 utpote
1235 3316 1283 3383 qui
1302 3316 1337 3366 ab
1401 3347 1404 3355 ·

229 3384 278 3436 illu
298 3386 438 3451 imperium
456 3388 617 3440 Antiochiae
642 3392 808 3456 accepisset,
837 3389 900 3441 huie
926 3388 1042 3441 accessit
1066 3395 1093 3438 et
1117 3387 1150 3438 ab
1178 3389 1238 3438 eius
1258 3394 1336 3452 parte

230 3455 331 3519 stabat,
347 3464 387 3508 -at
416 3457 561 3511 nonnullas
580 3460 697 3524 milites,
719 3461 815 3528 quibus
842 3476 942 3527 arege
960 3461 1118 3526 imperatum
1136 3465 1203 3522 erat,
1224 3466 1257 3509 ut
1277 3473 1338 3507 cum

232 3526 285 3579 hee
305 3536 398 3579 cantra
416 3530 565 3598 Augustum
584 3531 684 3582 bellum
704 3533 875 3595 sustinerent,
903 3532 980 3598 aquia
999 3532 1107 3597 privans
1125 3538 1154 3581 et
1172 3538 1266 3582 cetero
1283 3544 1337 3594 ap-

230 3608 324 3665 paratu
342 3599 427 3665 nudos
447 3601 508 3653 iude
529 3602 640 3669 expulit.
678 3602 774 3653 deiude
792 3601 929 3669 paululum
948 3602 1128 3653 intermittens
1143 3616 1204 3651 cum
1222 3615 1290 3669 rege
1310 3608 1338 3649 et

231 3671 289 3723 eius
316 3670 444 3723 militibus
464 3671 497 3722 ad
519 3672 632 3726 Cilicum
659 3682 756 3725 terram
781 3674 918 3740 proiectus
949 3682 1008 3737 est,
1037 3680 1090 3722 tum
1117 3674 1144 3722 in
1171 3688 1205 3723 ea
1225 3670 1338 3723 hiberna

230 3740 332 3793 iaciens
351 3742 496 3811 (vergebat
519 3745 589 3794 enim
608 3749 795 3813 auctumnus),
820 3753 875 3795 tum
895 3744 976 3797 alium
1006 3745 1153 3795 exereitum
1174 3750 1232 3793 tute
1252 3741 1338 3793 eolli-

232 3826 298 3930 ρηυε
323 3828 423 3881 eosque
448 3814 494 3882 qui
519 3830 534 3865 a
559 3815 666 3869 sultano
685 3816 863 3880 mitterentur,
890 3824 952 3883 post
977 3815 1057 3868 talem
1076 3815 1232 3866 dilationem
1253 3830 1336 3865 exce.

231 3898 248 3949 p
261 3896 332 3934 urus.

161 4042 163 4047 ,
332 3974 493 4043 lgnesarunt
509 3984 607 4040 autem,
629 3991 659 4028 se
678 3976 834 4027 inferiorem
852 3984 954 4041 partem
974 3975 1093 4043 elegisse
1118 3982 1145 4025 et
1170 3974 1266 4043 peiora
1283 3974 1336 4024 sibi

232 4042 409 4097 consuluisse.
460 4061 518 4095 eum
547 4049 614 4099 euim
642 4050 687 4115 qui
706 4048 865 4117 primum‘in
892 4048 982 4116 lugam
1002 4054 1121 4099 verterat
1137 4046 1287 4114 Augustum
1306 4047 1334 4094 tn

233 4114 342 4183 proella
362 4124 454 4167 cantra
470 4116 586 4182 Alyateu
605 4120 693 4182 inito,
719 4121 752 4171 ad
770 4120 872 4188 regiam
891 4120 1009 4183 rediret,
1030 4126 1101 4170 totus
1118 4118 1180 4171 eius
1200 4118 1336 4168 exereitus

234 4188 372 4258 dispersus
392 4196 447 4251 est,
479 4202 538 4239 eum
557 4189 640 4240 hiems
659 4192 915 4257 appropinquasset,
937 4199 1017 4260 atque
1044 4190 1127 4244 laeila
1144 4189 1195 4244 luit
1211 4189 1336 4258 anguto
