2834 4750
239 259 317 342 aot
383 213 388 221 ¹
536 261 756 336 arcelaus
784 219 1056 332 annueris·

238 468 315 523 κως,
338 442 381 528 τῷ
405 435 516 562 ριθάνρι
540 434 594 500 και
614 441 653 521 τῇ
676 440 849 522 κακοηθείᾳ
879 461 925 558 μη
947 433 1105 516 προτιμᾶν
1125 429 1163 495 τὸ
1183 425 1350 512 συμφέροι

238 540 342 622 οἶδάς,
364 543 420 604 καί
441 541 588 654 τιμωρῶν
609 538 796 622 ἐπισφαλῶς
818 534 874 600 τδν
893 536 1033 650 α’κρίτην,
1054 530 1088 596 ἐν
1109 524 1200 594 οὕτω
1225 529 1351 610 σνγχά-

193 713 197 717 ,
237 665 285 706 σει
307 645 367 704 τῶν
397 635 591 720 πραγμάτων
611 636 838 718 ὑπαρχόντων,
865 638 921 698 καί
939 631 1000 714 πρδ
1033 635 1090 696 τοῦ
1113 631 1237 695 δοῦναι
1264 628 1351 709 λόγον

237 745 293 824 τῆς
315 731 535 821 διοικήσεως),
565 739 619 818 τῆς
642 737 741 819 αὐτῆς
762 733 892 809 ε’κείνοις
918 738 1036 815 βουλῆς
1066 735 1121 816 καί
1146 730 1284 813 γνώμης
1304 730 1351 793 ἐπὶ

238 837 412 924 συνθήκαις·
454 863 505 902 κιαι
541 861 646 922 ορκοις
675 833 820 911 κοινωνὸς
843 832 1058 919 ἐχρημάτισε,
1094 857 1149 895 και
1186 829 1273 914 πρὸς
1296 831 1373 904 τάς5

238 941 407 1023 ὁμολογίας
428 937 549 1014 ταύτας
571 963 623 1001 και
643 935 677 1002 τδ
701 962 765 1000 των
785 936 996 1013 Παιζινάκων
1024 933 1119 1010 ἔθνος
1138 932 1351 1050 συναρμορά-

238 1063 330 1124 μενος
357 1047 504 1120 πολεμειν
525 1048 589 1113 τοῖς
607 1035 778 1116 Ρωμαιόις
804 1039 885 1126 μετ’
893 1038 997 1100 odron·
1027 1036 1181 1154 άσπάνδιρ
1205 1037 1250 1120 ιη’
1269 1030 1351 1118 μάχη

239 1144 400 1209 συνέθετο.
444 1139 656 1262 ρογιιινησεως
682 1161 738 1200 ουν
758 1142 924 1220 γενομένης
943 1136 1110 1218 τοιαύτης,
1134 1133 1178 1198 τά
1204 1135 1351 1217 περιιὸν

240 1240 376 1320 πόλεμον
404 1239 459 1304 καί
482 1238 542 1324 τήν
577 1241 633 1322 τῆς
659 1238 839 1320 Ῥωμαϊκης
872 1235 983 1320 χώρας
1018 1224 1206 1319 ἐπιδρομην
1249 1235 1352 1309 ανιοίς

240 1342 273 1418 ἐξ
276 1342 412 1429 ηρτάειο.
1357 1338 1384 1389 ¹0

336 1441 385 1506 Ἔν
408 1445 443 1506 δὲ
473 1467 515 1527 τρι
536 1444 624 1528 μέσην
656 1443 716 1502 τοῦ
730 1439 913 1504 Ροοσελιόο
942 1445 1008 1512 τοῖς
1032 1438 1194 1522 Τοάρκοις
1219 1461 1353 1519 κατεχο·

241 1546 363 1625 μένον,
396 1540 513 1624 πολλὴν
546 1536 738 1625 δπρόεδρος
760 1541 898 1617 Ἀλέξιος
918 1535 1086 1622 ἐποιήσατο
1117 1539 1177 1622 την
1198 1539 1352 1623 σπουδήν,

241 1647 285 1731 τῷ
305 1645 429 1729 κάαιρρι
451 1643 506 1723 τῆς
524 1641 699 1722 Ἀμασειάς
730 1641 949 1722 ἐνδιατρίβων,
979 1636 1040 1701 δπά
1065 1639 1122 1728 τὴν
1147 1643 1246 1704 ι’δίαν
1265 1648 1353 1724 χεῖρα

241 1742 353 1807 τοῦτον
375 1743 585 1824 ποιήσασθαι.
636 1741 691 1804 καί
718 1744 825 1819 μέντοι
847 1741 903 1804 καί
926 1739 1088 1807 ταλάντων
1109 1738 1238 1805 ἱκανῶν
1262 1767 1354 1826 τιμη-

241 1847 387 1926 σαμένων
402 1845 464 1908 τάν
479 1844 627 1929 Τοάρκων
642 1840 697 1907 ιὸν
716 1841 905 1923 Ῥονσὲλιον,
926 1845 963 1927 τῇ
984 1845 1146 1928 καταβολῇ
1170 1847 1243 1907 τοῖν
1256 1846 1388 1906 duat-1⁵

182 1981 185 1992 ·
242 1937 518 2024 cooperandum
540 1943 639 2010 αὐτὸν
661 1945 873 2027 ἀπειργάσατο
905 1945 959 2006 καί
979 1941 1042 2006 άπὸ
1072 1940 1130 2026 την
1154 1946 1249 2008 ι’δίαν
1273 1945 1355 2028 άπη-

242 2046 351 2130 γάγετο
372 2053 487 2130 χείρω,
518 2045 575 2109 καί
594 2046 838 2128 σιδηροδέσμιον
862 2043 1031 2123 ἀποδείξας
1064 2042 1118 2107 διά
1142 2048 1271 2129 πολλῆς
1291 2040 1356 2125 εἶχε

228 2150 299 2208 Χκαί
318 2142 479 2230 άγράιινοο
494 2151 558 2230 ’τῆς
582 2149 737 2231 φυλακῆς.
791 2137 858 2210 εἶτα
881 2150 1011 2226 πέμψας
1030 2145 1166 2227 γράμμα
1190 2146 1279 2230 πρὸς
1300 2148 1355 2209 τὸν

242 2251 400 2330 βασιλέα,
428 2253 482 2312 καί
512 2251 588 2331 παρ’
611 2246 731 2312 ἐκείνου
763 2244 859 2310 πάλιν
881 2247 1058 2327 δεξάμενος,
1080 2245 1134 2308 διά
1152 2249 1211 2330 τῆς
1235 2252 1355 2310 Horra·

244 2348 301 2429 κῆς
323 2346 489 2434 θαλάσσης
514 2343 726 2430 διεπορεύθη,
752 2349 807 2411 καί
829 2349 938 2412 τοῦτον
968 2348 1013 2421 εἰς
1037 2346 1094 2430 την
1111 2346 1391 2429 βοσηλεάοοσανλλ

126 2537 130 2545 ,
161 2514 163 2519 .
244 2446 326 2528 μετά
361 2453 416 2532 τῆς
449 2450 545 2534 αὐτῆς
572 2450 747 2532 ποδοκάκης
773 2446 948 2531 εἰσήγαγεν.
998 2448 1015 2511 δ
1049 2449 1085 2511 δὲ
1118 2448 1277 2528 βασιλεδς
1309 2445 1356 2529 μὴ

245 2551 441 2631 προθέμενος
473 2552 519 2626 εἷς
542 2544 617 2631 άψιν
640 2544 760 2611 ἑαυτοῦ
787 2547 939 2631 καὶθέσιν
959 2552 1073 2613 τοῦτον
1103 2551 1222 2628 ἐλθεῖν,
1246 2550 1308 2613 καί
1325 2571 1355 2612 τι

245 2652 300 2713 καί
320 2652 562 2727 βουλεύσασθαι
584 2653 753 2735 βασιλικῆς
774 2648 971 2728 ἀνεξικακίας
991 2652 1046 2713 καί
1063 2646 1358 2736 μεγαλοφροσύνης

317 2824 342 2877 2.
363 2838 396 2877 aa
416 2823 555 2899 ἄκριτονλ
573 2835 634 2895 post
652 2826 726 2882 οὕτω
744 2828 791 2882 rel
807 2828 916 2903 μεγάλη
935 2806 1011 2882 deest
1030 2827 1076 2883 rel
1094 2826 1183 2883 simile
1201 2828 1275 2897 quid.

246 2984 378 3055 pravitate
395 2990 532 3057 respicere
552 2990 695 3043 utilitatem
713 2992 838 3045 nesciens
857 3000 885 3044 et
903 3008 1052 3062 exsequens
1071 2991 1254 3061 periculose
1245 3007 1287 3043 rus
1308 2993 1356 3044 iu-

247 3060 310 3113 dicii
333 3059 499 3127 violatum·
491 3078 519 3113 rn
538 3070 610 3115 tauta
629 3065 789 3117 confusione
807 3063 887 3116 rebus
907 3065 1076 3117 versantibus
1097 3074 1123 3116 et
1140 3072 1203 3115 ante
1221 3065 1355 3117 redditam

198 3198 205 3205 ἱ
246 3132 480 3185 administrationis
500 3136 641 3199 rationem,
663 3136 781 3187 eiusdem
803 3152 861 3185 curn
879 3134 935 3187 illis
955 3136 1061 3188 consilii
1084 3145 1111 3186 et
1129 3138 1280 3187 sententiae
1303 3153 1354 3203 pa.

247 3204 379 3256 ctionibus
406 3212 432 3255 et
467 3206 637 3257 iureiurando
657 3207 792 3273 particeps
820 3213 860 3257 est
889 3206 990 3258 lactus:
1022 3216 1048 3258 et
1068 3224 1101 3257 ex
1117 3206 1291 3273 pactionibus
1312 3208 1352 3257 bis

246 3284 386 3359 postquam
412 3276 489 3326 etiam
515 3276 716 3328 Patzinacorum
745 3277 871 3343 populum
902 3278 1072 3342 conciliavit,
1093 3278 1275 3330 conveniebat
1293 3294 1351 3329 curn

245 3347 289 3411 iis,
308 3355 336 3397 ut
355 3363 413 3397 cum
434 3348 542 3400 Graecis
560 3358 711 3417 pugnarent
729 3347 802 3399 bello
821 3348 994 3414 implacabili
1032 3350 1079 3401 tali
1100 3364 1164 3417 ergo
1184 3350 1263 3401 turba
1281 3350 1351 3401 lacta

246 3416 346 3469 bellurn
365 3418 430 3469 ab
423 3419 455 3469 ris
476 3427 502 3469 et
522 3418 638 3471 Graecae
657 3429 746 3471 terrae
765 3420 870 3470 invasio
891 3419 1093 3487 apparabantur.

319 3514 426 3567 Interea
444 3524 541 3579 autem,
561 3532 619 3568 cum
638 3516 763 3569 Ruselius
783 3531 798 3567 a
817 3516 907 3568 lurcis
927 3518 1100 3581 detineretur,
1119 3517 1228 3568 multam
1242 3534 1349 3585 praeses

246 3586 360 3642 Alexius
374 3587 446 3637 dedit
456 3588 608 3653 operam,in
620 3588 734 3641 castello
743 3587 851 3639 Amasis
860 3597 992 3653 versatus,
1002 3590 1067 3640 utin
1077 3603 1150 3641 suam
1159 3604 1267 3641 manum
1276 3591 1350 3641 redi.

249 3665 334 3727 geret,
348 3666 437 3726 atque,
451 3674 510 3709 curn
521 3666 608 3710 tamen
618 3658 718 3711 Tureae
735 3666 776 3711 sat
791 3658 882 3711 multis
893 3659 1001 3713 talentis
1012 3662 1196 3712 aestimassent
1202 3661 1349 3725 Ruselium,

248 3730 377 3812 depositis
396 3731 429 3782 iis
445 3727 513 3797 qu'ac
532 3731 745 3814 requirebantur,
764 3730 839 3797 quasi
857 3746 972 3782 mercem
994 3747 1052 3782 eum
1072 3731 1122 3783 sibi
1142 3735 1309 3799 comparavit
1326 3740 1351 3782 et

248 3801 277 3852 iu
291 3814 364 3851 suam
380 3802 487 3869 subegit
504 3817 624 3865 manum,
641 3810 667 3853 et
680 3804 707 3853 in
721 3800 831 3853 vincula
845 3802 932 3854 ferrea
948 3804 1097 3854 coniectum
1108 3802 1190 3855 multa
1203 3804 1314 3855 tenebat
1327 3812 1351 3853 et

248 3870 371 3953 diligenti
391 3873 523 3925 custodia·
544 3838 639 3925 deinde
657 3874 743 3925 missis
762 3873 849 3925 literis
867 3875 900 3935 ad
914 3890 1006 3942 regern
1027 3881 1053 3924 et
1071 3874 1104 3926 ab
1122 3874 1171 3925 illo
1189 3873 1284 3928 rursus
1304 3891 1350 3926 ac-

249 3942 334 4005 ceptis
352 3957 400 4007 per
418 3943 556 3995 Ponticum
575 3960 647 3995 mare
666 3945 803 4012 profectus
824 3953 864 3996 est
882 3954 976 4014 atque
967 3945 1082 3997 bunc
1075 3961 1102 3996 ιιι
1126 3948 1229 4014 regiam
1254 3948 1351 3998 eisdem

249 4012 419 4077 compedibus
440 4016 556 4067 vinctum
569 4017 680 4068 induxit.
701 4017 748 4069 sed
762 4032 819 4080 rex,
839 4025 957 4068 statuens
975 4033 1035 4067 euru
1049 4018 1076 4069 ia
1090 4026 1263 4084 conspectum
1276 4033 1350 4069 suan

248 4096 303 4135 non
323 4084 436 4147 venire,
457 4092 484 4135 et
502 4080 648 4139 decernere
668 4087 787 4156 aliquid,
806 4089 915 4157 dignum
933 4090 1010 4157 regia
1033 4090 1163 4155 patientia
1189 4098 1217 4141 et
1240 4105 1349 4159 ιντερπο-

248 4154 379 4232 ιιίιιιλλαλα,
399 4162 427 4207 ct
445 4170 596 4224 proponere
616 4166 708 4211 contra
728 4175 788 4211 eum
806 4160 933 4213 iudicium
951 4167 1057 4227 etpost
1085 4161 1251 4216 decisionem
1277 4162 1348 4214 dam·
