2834 4750
572 285 803 360 mamam·
837 316 840 320 ι
892 366 896 370 Α
1165 274 1210 346 ιο

105 451 317 536 πρωιαίτερον
337 453 502 535 γενομένης
518 452 571 532 τῆς
593 447 808 532 προελεόσειας
831 440 975 528 ἔκπληξις
990 448 1117 522 κατεῖχε
1137 437 1213 514 τοός

104 555 332 636 συνετωτέρους
355 551 416 616 τοόν
429 554 566 631 θεατοῖν,
587 549 828 631 συμβάλλοντας
851 539 934 618 όπιας
957 539 1017 661 πρὸ
1037 544 1096 606 τοῦ
1114 564 1210 604 κατα·

103 653 320 736 σκευασθῆναι
340 651 374 716 τό
399 653 536 734 θέατρον
557 675 608 714 και
605 650 804 734 πλησθῆναι
818 645 875 722 τός
898 641 1011 727 α’χυιόις
1032 662 1210 706 κατεσπου-

103 750 305 836 δασμένηνς
292 779 308 816 α
332 749 485 834 βασιλεός
512 749 567 834 τη“ν
600 749 736 834 πρόοδον
768 748 966 824 έναπέδειξε·
1024 742 1079 806 καί
1099 738 1209 816 οιίανός

70 854 166 918 5οιίιι
188 851 312 935 α’γαθός
330 850 431 917 έδόκει
456 851 490 917 τό
516 851 642 934 εξιυρον.
687 854 766 922 τέως
786 848 870 912 δὲ
843 871 893 913 τον
913 855 972 928 μέν
992 845 1126 928 βασιλέα
1150 835 1209 906 αδ
1278 862 1283 867 ·

102 957 158 1026 θις
179 951 463 1035 δτιοστρίψαντα’
448 977 482 1018 εκ
503 955 560 1016 τοῦ
574 954 724 1034 μεγίστου
746 952 823 1013 ναοῦ
842 952 905 1012 coir
928 942 1112 1029 κορυφαίαν
1127 941 1209 1006 cino·

102 1049 225 1118 στόλων
246 1047 311 1135 εἶχε
332 1051 367 1117 τό
393 1051 566 1133 παλότιον,
594 1055 675 1134 μέγα
707 1072 885 1136 φρονουντα
908 1049 951 1134 τῶ
971 1053 1081 1128 τυχεῖν
1102 1044 1209 1109 τοιαό.

102 1178 161 1238 της
182 1142 343 1236 όπόδοχῆς
364 1178 397 1218 τε
419 1179 471 1218 και
496 1153 696 1238 προπομπῆς,
721 1146 777 1232 την
800 1151 834 1213 δὲ
857 1152 1026 1214 δέσποιναν
1049 1143 1129 1228 πρός
1151 1144 1208 1228 την

100 1251 241 1337 ἑσπέραν
265 1253 282 1335 ἡ
308 1254 487 1339 Πρίχκιπος
510 1258 616 1338 (νῆσος
647 1255 680 1314 δὲ
709 1246 789 1334 αότη
821 1251 877 1332 τῆς
906 1243 1137 1330 βασιλευούσης
1168 1243 1208 1308 ου’

53 1349 230 1438 λθαόρρω)
251 1355 524 1439 μελομφοροόσου
547 1357 600 1415 καί
626 1353 819 1435 κεκαρμένην
839 1347 896 1425 τός
921 1349 1046 1429 τρίχας.

213 1455 260 1541 Τῇ
280 1455 310 1517 δ’
332 1451 484 1537 ἐπαύριον
504 1452 549 1519 ἔτι
579 1461 643 1528 τοῖς
666 1457 792 1525 πολλοῖς
819 1450 983 1532 δχνόατου
1012 1451 1209 1523 καθεστῶτος

103 1557 163 1621 τοῦ
186 1553 389 1639 πράγματος,
414 1560 577 1639 φιλοτιμία
613 1553 688 1635 περί
707 1553 769 1616 τῶν
790 1551 992 1635 διηγημάτων
1015 1552 1068 1631 τῆς
1090 1555 1209 1632 παρελ-

99 1652 225 1738 θοόσης
248 1654 368 1738 ἡμέρας
391 1657 516 1738 ἐγένετο,
540 1657 597 1720 τοῦ
618 1657 676 1735 μὲν
698 1654 774 1716 τόδε
797 1655 853 1716 τοῦ
877 1651 1002 1714 δὲτάδε
1023 1655 1208 1732 θαυμαστι-

101 1757 166 1832 κιός
190 1751 396 1839 έπιλέχοντος,
422 1756 475 1822 καί
496 1751 594 1820 ἄλλου
609 1751 808 1839 προφθόνειν
831 1747 1035 1835 έιτειχομένου
1057 1750 1090 1817 τό
1111 1773 1207 1836 παρτ·

53 1877 88 1928 15
102 1859 171 1941 δέν,
194 1859 249 1920 καί
269 1855 396 1924 πόντων
417 1857 645 1938 α’ποσεμνόνειν
666 1858 870 1938 βουλομένων
901 1850 942 1919 τό
964 1851 1120 1936 κράτιστα.
1166 1845 1209 1927 ὥς

100 1958 138 2021 δέ
162 1960 297 2041 κατέπτη
328 1959 366 2024 τό
383 1964 439 2024 τοῦ
460 1957 586 2034 πόθους
600 1960 642 2045 τῷ
664 1955 754 2044 δημιρ
768 1954 824 2018 καί
841 1957 1053 2038 περιέδραμεν
1076 1953 1093 2035 ἡ
1117 1951 1209 2037 φήμη

97 2058 176 2134 τοός
199 2061 386 2147 περικύκλῳ,
408 2058 507 2148 {ridde
530 2051 568 2142 ἦν
590 2061 669 2123 ἰδεῖν
690 2054 812 2140 οἷθρόον
832 2054 887 2140 την
908 2058 1053 2119 έναντίαν
1071 2057 1210 2136 μεταβο-

99 2155 160 2244 λὴν
185 2165 408 2243 κατασχοῦσαν
431 2160 506 2237 τούς
527 2159 732 2240 σύμπαντας,
754 2160 808 2220 καί
829 2154 1032 2241 όντεσηιιιόθη
1047 2151 1112 2231 τὀῑς
1124 2179 1211 2239 χαριι

99 2259 254 2342 μοσόνοις
285 2259 323 2325 τό
355 2259 547 2346 σκυθρωπά,
579 2264 635 2324 κατ’
668 2251 739 2322 όντί
758 2261 849 2339 τιμῆς
881 2259 937 2320 καί
956 2257 1150 2340 φιλοτιμίας,
1171 2252 1209 2338 ἣν

55 2359 185 2445 ηρπρός
207 2360 262 2425 τὸν
275 2364 449 2446 κρατοῦντα
464 2362 632 2443 ἐδείκνυον,
653 2369 745 2443 μίσος
768 2351 924 2423 ἄσπονδον
942 2359 1132 2446 έξηχείρετο,
1157 2354 1213 2421 καί

101 2456 200 2537 ἄλλος
222 2455 320 2527 ἄλλον
351 2463 547 2547 θερμότερος
572 2460 706 2527 ἔσπευδε
735 2463 882 2545 γενέσθαι
914 2463 969 2525 καί
990 2461 1045 2543 τῆς
1064 2460 1129 2524 κατ’
1150 2458 1209 2521 ατίὲ

100 2564 163 2628 τοῦ
185 2562 471 2648 προκατόρξασθαι
495 2566 683 2647 δυσμενείας
705 2562 760 2628 καί
781 2563 953 2637 α’ναιδείας.
982 2563 1082 2626 ταῦτα
1102 2581 1209 2642 μεμα-

177 2744 204 2797 2.
227 2742 424 2818 συμβαλόντας
441 2743 470 2799 C.

101 2917 157 2969 nisi
176 2917 247 2985 qnod
277 2925 387 2983 propter
406 2916 487 2969 solito
521 2917 594 2983 prius
622 2916 717 2969 iactam
740 2918 939 2984 processionem
959 2918 1139 2971 consternatio
1160 2932 1207 2973 ca-

103 2984 196 3057 piebat
214 2986 400 3055 prudentiores
419 2990 489 3039 inter
506 2996 666 3055 spectantes,
685 2996 849 3055 reputantes,
868 2996 1008 3057 antequam
1027 2998 1145 3056 paratum
1161 3005 1207 3043 es.
1217 2988 1228 2999 “

100 3068 145 3112 set
164 3058 294 3111 theatrum
326 3067 353 3110 et
378 3059 504 3126 impletae
529 3060 599 3123 viae,
621 3074 713 3128 regem
737 3074 858 3143 pompam
877 3062 1023 3113 institutam
1042 3062 1207 3125 ostendisse3

100 3144 191 3198 neque
216 3134 292 3181 omen
320 3130 416 3181 bonum
444 3130 586 3183 videbatur
603 3130 841 3197 intempestivitas:
867 3134 972 3183 interea
990 3146 1082 3199 regem
1101 3133 1207 3199 quidem

100 3217 195 3253 rursus
220 3216 357 3253 reversum
382 3218 396 3252 c
424 3202 536 3253 maximo
562 3202 661 3268 templo
689 3202 821 3255 celsorum
848 3202 1029 3269 apostolorum
1052 3203 1208 3255 continebat

100 3270 230 3341 palatium
248 3273 302 3323 alte
322 3272 418 3324 elatum
439 3273 508 3341 quod
527 3274 678 3341 contigerat
701 3276 726 3325 ei
744 3282 818 3325 tanta
836 3274 961 3327 salutatio
986 3283 1013 3325 et
1037 3274 1205 3359 prosecutio3

101 3344 233 3396 dominam
252 3352 340 3395 autem
358 3342 497 3411 Principes
518 3345 619 3413 [insula
643 3344 710 3397 baec
731 3346 842 3415 reginae
868 3360 921 3397 non
946 3344 1029 3414 longe
1050 3346 1140 3416 abest)
1160 3348 1205 3397 ni.

101 3414 159 3483 gris
177 3414 294 3466 indutam
316 3415 436 3467 vestibus
456 3424 483 3466 et
502 3426 603 3468 tonsam
623 3416 745 3482 capillos.

168 3484 311 3537 Postero
332 3495 418 3538 autem
438 3503 515 3538 ruane
535 3504 592 3539 cum
613 3489 747 3540 etiamtum
773 3488 934 3542 multitudini
960 3481 1052 3557 ignota
1071 3496 1143 3540 esset
1161 3503 1205 3541 res

100 3556 212 3620 instans,
233 3564 367 3609 certamen
387 3560 566 3610 narrationum
586 3559 619 3611 de
638 3562 778 3645 superiore
797 3562 841 3613 die
854 3562 944 3623 tiebat,
964 3576 1021 3609 cum
1041 3560 1108 3610 alius
1127 3558 1204 3624 haec,

100 3627 170 3679 alius
189 3627 237 3681 illa
257 3629 367 3679 mirifica
389 3632 539 3682 nominaret
563 3636 589 3681 et
616 3630 684 3682 alius
703 3635 777 3699 prius
803 3646 912 3683 narrare
940 3628 1061 3682 studeret
1081 3600 1204 3683 relictunl

100 3708 128 3751 et
147 3712 239 3751 omnes
269 3698 408 3752 celebrare
436 3701 540 3753 vellent
565 3704 691 3767 maxima3
703 3720 784 3769 cum
810 3709 896 3754 autem
923 3702 1077 3754 concideret
1102 3705 1202 3770 populo

100 3770 179 3821 animi
199 3778 285 3822 motus
307 3779 333 3822 et
351 3780 544 3838 pervagaretur
573 3774 640 3825 sama
660 3752 752 3825 omlnes
773 3774 890 3835 circum,
908 3774 995 3823 statim
1015 3784 1120 3840 poterat
1139 3790 1203 3842 spc-

101 3840 168 3891 ctari
188 3842 320 3893 contraria
338 3844 459 3907 incutio,
479 3858 547 3911 quae
567 3860 657 3896 omnes
680 3850 849 3911 occupasset,
869 3852 896 3894 ct
912 3852 1024 3913 aequata
1045 3855 1106 3897 sunt
1124 3845 1204 3900 laetis

98 3914 203 3974 tristia;
236 3919 263 3963 ct
289 3918 337 3979 pro
364 3914 467 3966 honore
492 3922 518 3965 et
552 3917 713 3979 certamine,
747 3932 814 3983 quae
843 3916 997 3982 imperatori
1024 3918 1203 3985 praestabant,

99 3982 188 4035 odium
208 3983 376 4069 implacabile
399 3985 573 4049 excitabatur,
596 3996 621 4037 et
639 3986 707 4037 alius
729 3986 782 4037 alio
802 3988 913 4040 calidior
932 3988 1054 4041 studebat
1071 3990 1149 4054 lieri,
1176 3999 1204 4042 et

100 4063 193 4105 contra
213 4070 272 4105 eum
295 4054 460 4109 inimicitiam
486 4059 558 4124 prius
580 4072 707 4109 exercerc
722 4066 748 4108 et
761 4056 956 4125 impudentiam.
977 4076 1045 4128 quae
1064 4077 1122 4112 cum
1142 4063 1202 4113 ani-

100 4126 287 4177 madvertisset
306 4142 354 4178 rex
374 4137 401 4179 et
420 4129 506 4182 vellet
528 4128 677 4196 deprimere
700 4131 835 4182 ardentem
851 4130 1075 4215 perturbationem
1092 4132 1201 4199 Byzan-

99 4196 196 4255 tiorum
216 4196 416 4265 inscriptionem
436 4200 565 4271 quandam
586 4201 673 4253 curari
694 4200 772 4255 iusait
791 4202 858 4255 bis
851 4216 878 4253 m
897 4202 1047 4255 celebriore
1067 4204 1128 4255 loco
1149 4204 1200 4255 lori
