2834 4750
242 273 293 354 ed
529 233 750 346 nicalem
780 264 1038 345 triduoue
1081 235 1087 242 ’

156 513 167 532 χ
242 437 493 530 ριπεπτοοκύτες,
511 431 565 503 ὅτε
586 438 667 524 πρὸς
689 433 728 503 τά
751 436 891 522 σφέτερα
915 422 1072 519 ἤλαυνον,
1102 427 1134 494 οἱ
1152 428 1211 516 τήν
1236 426 1362 494 τοιαύ-

107 553 234 612 lidda.
243 568 300 628 την
331 548 448 658 μοῖραν
491 539 684 624 πληροῦντες
715 527 754 602 ού
783 531 881 618 μύκον
914 532 953 600 τά
987 531 1142 614 άλλότρια
1179 525 1272 594 άλλά
1306 529 1363 592 καί

243 643 282 712 τά
306 639 430 708 ἑαυτῶν
453 635 570 723 σχεδύν
591 633 796 718 άτιίβαλον
773 651 931 718 απαντες,
962 658 1014 698 και
1010 633 1207 713 δυστυχῶς
1227 629 1283 705 εἷς
1304 625 1363 713 τὸν

246 745 451 831 παρεμβολὴν
479 741 703 817 ἐπανίζευξαν.
758 734 774 802 6
803 737 839 800 dl
865 733 1018 854 βαριλεύς
1047 757 1118 818 περι
1138 733 1199 797 τού
1219 733 1362 816 πληθο-

244 869 327 930 σμου
312 839 587 922 πυνθανόμενος
615 832 755 921 ἤσχαλλε
783 841 843 918 μὲν
870 859 921 900 και
917 834 1115 920 ἠδημόνει,
1138 831 1309 918 στρατιάν
1331 836 1382 906 6⁹5

245 944 423 1030 ἀξιόμαχον
444 943 657 1027 σοναδροῖσαι
692 941 747 1004 και
780 934 975 1019 δυνάμεις’
952 943 1081 1022 αφεῖναι
1107 934 1235 1011 τούτοις
1260 935 1361 1019 α’κνη-

244 1047 374 1134 ράτιρος
395 1037 452 1128 ἤν,
484 1041 528 1117 ὥς
546 1043 605 1121 μίν
623 1062 723 1118 τινες,
743 1039 854 1126 φειδοῖ
872 1042 934 1100 τοῖν
955 1033 1174 1118 ἀναλωμάτων
1197 1028 1263 1119 (ἦν
1286 1035 1361 1120 γάρ,

246 1173 290 1224 αις
311 1150 508 1231 προίφαμεν,
530 1140 776 1265 φιλοχρήματος
795 1165 812 1202 ο
800 1133 941 1226 ἀνήρ),
970 1132 1106 1212 ὦςδ’”
1085 1158 1176 1220 ενιοι,
1197 1136 1249 1220 μὴ
1275 1136 1361 1201 άπα-

245 1248 378 1332 θαρρῶν
414 1242 494 1334 πρὸς
524 1241 674 1324 τοιαύτην
702 1238 798 1324 ἰσχύν
821 1234 1187 1322 άντιπαρατάξαοθαι·
1211 1241 1278 1303 καί
1296 1239 1359 1323 γάρ

246 1341 382 1422 άπαντες
402 1340 613 1429 άπράσμαχον
638 1335 719 1407 εἶναι
741 1339 776 1407 τά
801 1343 863 1405 ταῖν
884 1341 1033 1405 ἐναντίοιν
1053 1341 1173 1423 πλῆθος
1194 1341 1259 1404 κατ’
1281 1334 1393 1417 ὅλωςιο

248 1448 504 1531 ύναταχούνιστον
527 1445 736 1509 συνετίθεντο.
757 1445 839 1526 μηδὲ
860 1442 920 1525 γὰρ
944 1434 1026 1505 εἶναι
1049 1443 1112 1505 τάν
1132 1441 1360 1525 ἐνδεχομένων

247 1542 270 1632 ἢ
290 1548 433 1613 δυνατῶν
454 1545 609 1610 ύπενόουν
631 1541 791 1618 τοσαύτας
807 1541 981 1626 μυριάδας,
1002 1545 1129 1630 πολέμῳ
1150 1537 1210 1606 καί
1228 1543 1360 1625 μάχαις

247 1645 528 1729 συντεθραμμένος
562 1642 617 1706 καί
643 1648 834 1727 προχείρους
863 1639 1000 1725 ἐχούσας
1021 1640 1079 1714 τάς
1101 1637 1205 1720 δεξιάς
1226 1636 1292 1707 iac*
1305 1666 1359 1725 ye-

246 1749 470 1832 γυμναομύνας
503 1740 583 1828 πράς
606 1737 874 1810 α’ντικατάατασιν
895 1745 950 1806 καί
978 1744 1153 1825 άναίρεσιν,
1172 1742 1359 1826 παρατάξει

248 1845 581 1930 κατατροαύσασθαι,
615 1841 670 1910 καί
697 1840 862 1926 άμὴχανος
895 1842 998 1908 ἐδόκει
1017 1842 1155 1926 πάοινῆ
1180 1839 1391 1930 λύτρωσις,ι5

248 1947 304 2013 καί
324 1949 488 2029 μετοικίαν
509 1937 580 2030 Ιἤδη
601 1941 637 2009 τύ
660 1942 719 2028 τήν
744 1943 897 2028 Εὐρώπην
919 1938 1134 2010 άπαν·οίκούν
1154 1939 1358 2026 ἐβουλεύετο.

200 2063 203 2068 “
249 2045 266 2112 6
298 2049 333 2113 δδ
365 2044 517 2130 βασιλεύς
547 2047 719 2129 πρεσβείαν
746 2041 950 2120 ύπεοταλκύς
978 2044 1059 2132 πρύς
1088 2043 1162 2120 τούς
1186 2040 1360 2132 ἐθνάρχας

251 2148 358 2215 αύτιδν
379 2151 544 2233 ἐπειρᾶτο,
569 2149 644 2213 καθ’
667 2139 743 2210 ὅσον
765 2136 831 2208 οἷόν
853 2168 897 2227 τε,
919 2144 1055 2224 τούτους
1074 2157 1282 2230 παρενεγκεῖν
1304 2147 1361 2213 καί

249 2247 331 2334 πρὸς
353 2243 465 2332 καιρύν
500 2251 702 2313 καταστεῖλαι
733 2243 788 2310 καί
816 2243 911 2310 πάλιν
931 2249 978 2322 εἰς
997 2243 1055 2329 τὴν
1075 2244 1252 2331 ύστεραίοιν
1273 2251 1359 2330 βου-

250 2345 416 2433 λεύεσθαι,
438 2349 537 2413 πολλὰ
560 2348 685 2423 τούτοις
709 2347 889 2422 ἐπιστείλας
909 2339 1066 2431 ἐπαγωγά.
1110 2343 1166 2411 καί
1184 2369 1394 2432 μεταπεμ-οο

249 2450 395 2533 ψάμενος
416 2452 519 2528 ε’νίοος
534 2452 715 2533 χαρίσμασι
741 2450 870 2523 τούτους
896 2444 1098 2525 ἐδεξιώσατο.
1149 2450 1184 2515 τὸ
1209 2452 1239 2515 δ’
1262 2447 1357 2528 ἔθνος

249 2554 398 2636 μέγιστον
422 2543 478 2633 iv,
509 2554 564 2615 καί
594 2548 674 2635 πρύς
693 2548 849 2634 πορισμὸν
867 2554 930 2616 ταῖν
958 2548 1138 2635 άναχκαίοον
1158 2553 1355 2638 ἐπιρρηχνύ-

250 2674 347 2733 μενον
359 2704 369 2737 ,
395 2654 428 2719 ἐν
449 2657 576 2729 πολλοῖς
594 2650 707 2735 μύριοι
727 2650 786 2736 τὴν
813 2649 972 2739 Εύροάπην
1002 2654 1181 2735 ουνέδλίβε.
1223 2648 1271 2737 μή
1292 2653 1355 2740 φέ-

324 2823 352 2877 3.
373 2836 407 2875 an
427 2820 560 2879 άπανταλ
666 2821 693 2875 6.
712 2820 849 2909 ἐφιλναιλ

257 2977 491 3051 prolicipcerentur
509 2978 555 3047 qui
571 2978 752 3048 hancpartem
763 2977 919 3046 implebant,
929 2994 983 3032 non
996 2978 1082 3037 solum
1100 2980 1189 3034 aliena
1207 2982 1256 3035 sed
1275 2984 1353 3036 etiam

188 3053 194 3058 '
256 3064 304 3102 soa
322 3038 380 3104 iere
398 3052 545 3103 amiserunt
563 3066 674 3117 omnes,
694 3059 722 3102 et
739 3051 837 3103 misere
862 3052 894 3103 ad
913 3060 1000 3104 castra
1016 3053 1161 3105 redierunt
1194 3070 1249 3105 rex
1266 3065 1353 3108 autem

255 3122 287 3174 de
306 3123 476 3175 multitudine
495 3123 605 3175 audiens
629 3089 713 3176 ir6tue
738 3123 843 3192 quidem
869 3132 926 3175 erat
949 3132 975 3175 et
999 3124 1130 3191 stupebat,
1155 3126 1203 3178 sed
1221 3126 1255 3177 ad
1274 3142 1352 3180 exer-

213 3224 217 3234 «
254 3195 335 3247 citum
355 3210 501 3263 pugnacem
521 3196 669 3262 cogendum
690 3204 717 3246 et
735 3196 807 3247 vires
827 3203 920 3247 contra
934 3195 983 3247 hos
995 3197 1149 3247 emittendas
1169 3196 1269 3248 lentior
1287 3208 1352 3261 erat,

254 3276 284 3318 ut
302 3266 407 3335 quidam
425 3267 549 3319 dicebant
567 3268 729 3333 parsimonia
753 3274 898 3332 sumtuum,
924 3275 981 3319 erat
1009 3268 1078 3318 euim
1098 3275 1127 3317 ut
1144 3276 1223 3319 antea
1239 3270 1352 3321 diximus

252 3340 405 3391 divitiarum
424 3352 513 3389 amans
531 3338 629 3402 homo,
649 3347 679 3389 ut
696 3346 784 3389 autem
802 3338 942 3402 nonnulli,
961 3354 1015 3390 non
1040 3338 1139 3391 audens
1156 3338 1205 3390 uli
1225 3344 1353 3393 exercitui

253 3426 283 3463 se
302 3424 455 3494 oppenere:
476 3411 574 3460 etenim
593 3424 684 3461 omnes
708 3409 917 3493 impugnabilem
943 3426 1002 3462 esse
1027 3409 1142 3462 hostium
1160 3410 1352 3465 multitudinem

254 3490 281 3535 et
300 3482 406 3533 omnino
427 3481 553 3533 invictam
573 3480 731 3534 censebant:
750 3495 840 3547 neque
859 3483 929 3532 enim
947 3481 1006 3533 lieri
1025 3496 1104 3548 posse
1122 3482 1308 3549 opinabantur,
1326 3491 1353 3533 ut

252 3562 340 3607 tantas
360 3554 492 3619 myriades
511 3550 585 3603 bello
606 3558 633 3604 et
651 3551 750 3621 pugnis
769 3552 877 3604 eductas
903 3562 929 3604 et
948 3562 1082 3625 promptas
1100 3554 1230 3606 habentes
1248 3555 1352 3607 dextras

254 3634 282 3677 et
301 3626 460 3678 exercitatae
480 3625 512 3676 ad
533 3623 729 3691 oppositionem
751 3630 777 3673 et
800 3612 1003 3676 trucidationem
1028 3626 1088 3675 acie
1107 3626 1133 3675 in
1153 3624 1243 3694 iugum
1262 3636 1352 3679 verte-

253 3705 322 3761 rent,
343 3704 370 3748 et
388 3695 552 3750 inevitabilis
579 3694 720 3747 videbatur
745 3693 866 3745 omnibus
891 3696 1020 3748 redemtio
1047 3697 1125 3748 etde
1144 3696 1351 3749 coloniadedn-

255 3733 370 3817 cerula
363 3784 413 3819 ram
434 3784 525 3820 omnes
551 3766 675 3834 Europae
699 3764 806 3817 incolae
832 3767 992 3834 cogitabant.
1036 3782 1085 3818 rex
1112 3775 1199 3819 autem
1217 3768 1352 3837 legatione

253 3838 334 3889 missa
353 3838 384 3889 ad
405 3839 564 3891 ethnarchas
584 3852 674 3890 eorum
695 3836 867 3892 conabatur
859 3853 887 3888 m
906 3846 1029 3906 quantum
1049 3838 1108 3890 lieri
1127 3848 1218 3921 posset
1237 3839 1285 3892 hoe
1304 3841 1351 3891 ab·

255 3908 352 3959 ducere
372 3911 423 3960 et
416 3926 443 3960 m
462 3918 582 3978 tempore
600 3910 722 3961 delenire
742 3919 769 3962 et
787 3926 877 3961 rursus
891 3911 920 3961 iu
939 3911 1055 3961 futurum
1074 3911 1240 3977 prospicere,
1258 3912 1351 3963 multas

253 3978 299 4029 hie
317 3980 424 4031 mittens
443 3978 596 4046 illecebras,
617 3990 644 4033 ct
664 3997 802 4035 arcessens
821 3980 975 4045 nonnullos,
995 3982 1149 4033 muneribus
1169 3979 1218 4033 hos
1239 3984 1349 4049 excepit.

253 4038 370 4117 populus
389 4058 476 4102 autem
496 4054 541 4119 qui
558 4056 686 4106 maximus
706 4063 763 4106 erat
792 4061 819 4104 et
842 4055 875 4105 ad
893 4053 1068 4119 comparanda
1085 4054 1240 4106 neccssaria
1257 4055 1351 4105 irrum-

253 4121 343 4190 pebat,
362 4120 479 4175 multis
472 4138 500 4173 in
527 4124 645 4189 partibus
663 4124 797 4193 Europam
822 4124 1020 4191 comprimebat.
1064 4140 1154 4193 neque
1178 4139 1245 4176 vero
1264 4125 1351 4177 ierem

252 4211 301 4249 rex
324 4195 535 4266 indignationem
551 4196 736 4248 multitudinis
769 4205 796 4247 et
828 4196 921 4247 inuam
955 4196 1097 4263 dicentem,
1122 4196 1283 4264 parsimonia
1309 4212 1351 4249 res
