2834 4750
246 287 318 357 132
523 275 743 351 menimis
775 275 1034 348 ambarum

237 447 393 520 ventilem:
416 446 559 510 ἒλαόνοον
580 443 739 529 ἐφαίνετο,
762 445 796 523 ἐξ
816 435 854 527 ἧς
874 440 894 524 ἧ
917 437 998 524 πρός
1017 438 1053 504 τι)
1076 439 1181 503 Χλιἀτ
1201 433 1347 512 adesto,

235 544 291 612 όιό
313 548 480 612 στενοιιιοόν
500 547 688 624 ἐπιγίνεται,
722 547 947 626 μεταστρέψας
975 539 1034 624 τὴν
1051 541 1177 622 γνόμιγν
1209 539 1274 604 κἀδ
1294 535 1346 611 τός

234 651 373 732 σημαίας
394 649 428 710 ἐν
449 647 598 731 α’ριστερᾷ
632 629 852 728 ποιησόμενος,
875 639 1154 724 περιπλανόμενον
1173 641 1289 724 όφῆκε
1311 635 1341 700 τό

233 747 460 832 στρατόπεδον,
479 743 537 827 τὴν
556 743 738 826 οδρισμὲνρν
758 740 903 825 α’ταρπόν
926 745 960 806 ἐν
986 744 1074 829 δεξιᾷ
1094 736 1343 825 προερχόμενον,

234 845 293 921 ἕως
315 845 406 931 φήμη
439 847 666 926 καταλαβοῦσα
700 841 873 927 μετήγαγεν
901 835 983 906 αότό
1010 838 1091 920 πρός
1119 839 1176 923 τὴν
1197 845 1363 903 autumo-i

232 948 392 1029 μηδεῖσαν
425 948 624 1031 epidauraei.
668 939 868 1018 κατελθόντες
889 935 948 1005 σόν
968 938 1148 1021 ἀποτόμους
1175 936 1273 1013 τινός
1293 942 1343 1002 καί

232 1043 428 1127 κρημνώδεις
449 1038 567 1123 όδυόςι
589 1039 622 1105 ἓν
650 1047 753 1124 βαθεῖ
780 1036 868 1129 τόπρ
887 1037 941 1106 τόν
973 1042 1109 1121 βασιλέα
1131 1032 1342 1122 κατασκηνό-

232 1169 332 1209 σαντα
353 1138 488 1226 εὕρομεν
507 1145 617 1226 ἐκεῖσε,
639 1139 837 1226 τήνπροότην
855 1139 976 1224 βουλὴν
997 1141 1051 1204 ε’πδ
1071 1142 1156 1227 κακῷ
1174 1144 1247 1204 τῶν
1265 1135 1342 1203 Ῥω-

230 1244 336 1324 μαίων
360 1243 480 1320 οἷκλεοῖς
501 1241 773 1323 α’νανεονσόμενονο
831 1243 945 1305 διελών
971 1239 1035 1324 γόρ
1056 1243 1132 1326 ’διχῇ
1153 1237 1213 1304 τόν
1238 1265 1342 1322 στρα-

232 1343 306 1424 τόν,
329 1345 493 1427 παρέδωκε
519 1341 553 1407 τό
583 1340 790 1428 ἰσχυρότερον
815 1346 913 1426 μέρος
945 1345 990 1429 τῷ
1021 1343 1213 1427 Φιλαρὲτρι,
1251 1340 1373 1421 όνόρίίθ

231 1441 462 1526 στρατιωτικὴν
494 1446 553 1522 μὲν
584 1444 741 1524 αδχοῦντι
761 1441 929 1526 περιοπὴν,
957 1443 1095 1526 αι’σχροό
1122 1442 1158 1506 δὲ
1185 1443 1267 1520 βίου
1291 1443 1344 1503 καὶ

234 1545 485 1626 διαβεβλημένου
518 1542 726 1626 τυγχάνοντι,
765 1547 821 1608 καὶ
844 1545 888 1630 τῷ
913 1540 1002 1607 ἔθνει
1030 1543 1250 1630 μαχεσαμένιρ
1286 1543 1341 1622 μὲν

232 1638 421 1725 διαφόρως,
453 1638 486 1703 ἒν
517 1642 552 1703 δὲ
573 1649 637 1714 τοῖς
659 1647 817 1724 μεγίστοις
846 1643 1139 1724 καταπολεμηθέντι
1162 1637 1221 1703 καὶ
1241 1665 1341 1704 κατα-

231 1741 425 1824 postquem
444 1737 486 1813 οὖς
508 1736 543 1802 τό
560 1738 652 1819 εἰκός,
671 1739 711 1801 orl
731 1738 796 1823 μὴν
816 1741 1002 1834 όπεχσμὲνρι
1015 1738 1151 1824 τοόγοον,
1173 1739 1248 1802 ἀλλ’
1271 1735 1340 1802 εἰιιὲ

230 1841 370 1920 τρέχοντι
407 1838 465 1923 τὴν
506 1838 677 1922 ἡγεμονίαν
715 1838 770 1904 διό
808 1843 1030 1927 φιλοκερδείας
1063 1843 1117 1904 καί
1151 1838 1371 1925 φιλοδοξίοιςιᾱ

230 1935 395 2004 ὑπόθεσιν.

331 2041 403 2105 Καὶ
420 2043 522 2106 ταότα
542 2045 602 2122 μὲν
624 2044 737 2108 τοῦτον
757 2037 810 2105 τόν
832 2042 949 2126 τρόπον
967 2040 1188 2125 ἐπράχθησαν,
1213 2045 1281 2106 τῶν
1303 2042 1336 2103 δὲ

222 2141 437 2222 disputandum
466 2143 574 2223 μερῶν
605 2136 622 2203 ὃ
650 2138 803 2222 βασιλεδς
824 2137 994 2223 ἐπελάβετο
1015 2141 1056 2203 δι’
1077 2135 1208 2225 εὕρεσιν
1230 2139 1336 2223 χιόνος

228 2235 284 2300 καί
305 2235 430 2303 δδότοον
453 2243 608 2324 ψυχρόν·
650 2240 797 2321 ἄκρατός
817 2239 879 2322 γὰρ
903 2237 1008 2322 εἴχετο
1029 2237 1158 2322 τοότοιν,
1178 2242 1215 2304 τό
1237 2243 1335 2320 σῶμα

230 2334 311 2404 κατό
334 2337 414 2405 πολδ
438 2339 754 2425 διαθιρμαινόμενος.
798 2337 853 2404 διό
875 2340 979 2407 ταότό
1000 2362 1049 2405 τοι
1069 2339 1125 2406 καί
1144 2339 1369 2425 ἤναγκόσθηλλ

228 2439 286 2523 τὴν
309 2439 411 2524 ὁρμὴν
442 2441 624 2522 ἀλλαχόθεν
646 2445 780 2525 ποιῆσαι
806 2442 862 2508 καί
883 2442 1028 2528 φυλακὴν
1051 2445 1230 2527 ἐπιστῆσαι,
1252 2435 1336 2522 όσγε

228 2527 324 2623 ᾤετο,
359 2539 414 2605 καί
440 2547 506 2617 τοῖς
527 2542 680 2617 ἐναντίοις
715 2541 911 2630 ἀντίπρῳρον
934 2540 1082 2624 δυ’ναμιν.
1135 2544 1192 2607 καί
1211 2543 1258 2628 τῷ
1278 2543 1336 2622 μὲν

229 2638 396 2725 Φιλαρότρ
428 2635 563 2719 πόλεμον
598 2636 729 2704 ἔνοπλον
760 2642 980 2723 ἐγκατέλιπεν,
1015 2636 1117 2729 ἑαυτῷ
1137 2642 1174 2704 δὲ
1195 2640 1253 2704 καί
1273 2645 1336 2711 τοῖς

201 2951 276 3000 ‚rex
295 2945 389 2991 contra
406 2936 604 3008 Romanopolin
633 2941 809 3009 proficiscens
833 2948 992 3008 appareret,
1020 2955 1055 2992 ex
1072 2955 1125 3009 qua
1141 2942 1285 2995 descensio
1304 2939 1334 2992 ad

228 3009 318 3063 Gbliat
339 3013 470 3081 angustiis
488 3012 527 3076 fit,
547 3020 650 3064 mutans
664 3014 823 3065 sententiam
844 3020 870 3063 et
889 3014 967 3081 signa
991 3013 1018 3061 in
1037 3014 1145 3065 sinistro
1160 3018 1250 3069 ,coma
1268 3028 1333 3065 con-

227 3084 340 3135 stituens
360 3082 528 3135 oberrantem
548 3084 647 3137 dimisit
668 3086 815 3137 exereitum
837 3092 864 3133 et
884 3084 1018 3135 delinitam
1036 3084 1107 3134 viam
1124 3100 1142 3136 a
1158 3086 1252 3135 dextra
1271 3098 1332 3152 pro-

226 3154 377 3218 cedentem,
397 3154 483 3206 donec
503 3155 572 3207 lama
590 3170 637 3207 eos
657 3171 793 3224 occupans
819 3153 925 3205 reduxit
944 3169 1004 3204 eum
1022 3156 1054 3205 ad
1072 3155 1143 3205 viam
1163 3172 1180 3206 a
1197 3171 1265 3222 rege
1283 3169 1332 3206 no-

225 3232 332 3281 vatam:
351 3225 540 3293 degredientes
559 3227 642 3292 igitur
667 3233 825 3294 praeruptas
843 3225 969 3292 quasdam
996 3232 1023 3275 et
1046 3227 1208 3293 praecipites
1227 3228 1289 3278 vias
1307 3226 1331 3273 in

224 3295 358 3361 profundo
388 3295 449 3346 loeo
468 3310 560 3362 regem
583 3303 669 3347 castra
694 3297 837 3348 habentem
861 3297 1011 3347 invenimus
1030 3296 1120 3363 ibique
1138 3299 1250 3363 primam
1269 3311 1330 3349 sen-

223 3368 335 3416 tentiam
361 3365 432 3415 malo
459 3366 621 3417 Graecorum
640 3366 791 3433 ingloriose
809 3367 984 3418 reficientem.
1028 3367 1151 3418 dividens
1171 3369 1241 3419 enim
1260 3367 1329 3418 bila-

223 3437 290 3487 riam
310 3436 457 3486 exercitum
482 3435 589 3484 tradidit
614 3437 773 3488 validiorem
799 3447 900 3503 partem
924 3437 1080 3500 Philareto,
1105 3440 1165 3489 viro
1188 3438 1330 3490 militarem

225 3506 334 3557 iactanti
355 3506 633 3569 circumspicientiam,
653 3508 726 3556 vitae
741 3515 829 3557 autem
847 3510 932 3575 turpis
948 3516 975 3559 et
990 3517 1142 3573 accusatae,
1162 3510 1253 3576 etqui
1273 3510 1328 3560 exi·

223 3579 277 3627 mie
296 3592 355 3626 cum
374 3573 476 3641 populo
496 3583 676 3641 pugnaverat,
695 3578 723 3625 in
742 3580 862 3629 maximis
880 3588 968 3630 antem
987 3580 1089 3631 reiecto
1110 3588 1137 3630 et
1151 3581 1281 3647 despecto
1301 3585 1328 3629 ut

223 3662 273 3713 pur
292 3653 367 3708 erat,
391 3652 479 3695 tamen
503 3658 557 3694 non
582 3644 733 3698 abstinente
752 3648 813 3713 bis,
833 3650 880 3702 sed
898 3651 1039 3701 affectante
1060 3651 1204 3718 imperium
1222 3660 1328 3719 propter

224 3718 355 3767 avaritiae
375 3722 402 3765 et
420 3716 546 3767 vanitatis
564 3719 739 3783 propositum.

327 3803 415 3870 Atque
436 3802 503 3855 baec
528 3806 633 3873 quidem
653 3807 705 3858 boc
719 3810 797 3861 modo
818 3809 975 3862 factasunt.
1000 3810 1227 3877 septentrionales
1244 3820 1328 3863 antem

224 3881 316 3941 partes
334 3888 383 3925 rex
396 3877 538 3942 occupavit
552 3886 663 3945 propter
676 3888 808 3947 repertam
820 3882 910 3931 nivem
921 3889 948 3931 et
960 3896 1042 3948 aquas
1056 3880 1184 3949 frigidas:
1198 3884 1325 3950 impoten-

223 3954 265 3995 ter
286 3946 355 3995 enim
373 3945 515 3999 tenebatur
534 3946 576 4000 his
597 3964 693 4016 corpus
713 3952 758 4002 diu
777 3949 868 4002 calore
879 3951 1023 4018 perfusum.
1061 3961 1207 4019 propterea
1227 3953 1328 4021 quidem

223 4016 303 4066 etiam
321 4024 429 4069 coactns
453 4026 494 4069 est
512 4020 639 4087 impetum
658 4019 766 4075 aliunde
785 4021 877 4074 lacere
896 4030 923 4073 et
941 4023 1102 4089 praesidium
1120 4027 1328 4078 constituerent

120 4106 122 4111 ¹
222 4087 328 4155 quidem
348 4088 484 4153 censebat,
505 4098 531 4141 et
549 4092 670 4144 hostibus
690 4095 850 4145 contrariam
868 4095 940 4158 vim,
961 4102 987 4145 et
1007 4092 1144 4147 Philareto
1163 4095 1266 4148 bellum
1285 4109 1327 4145 ar-

221 4173 323 4215 morum
341 4159 466 4243 reliquit,
492 4161 543 4213 sibi
562 4172 649 4217 autem
669 4172 696 4215 et
715 4166 762 4235 qui
781 4180 840 4215 eum
860 4179 893 4215 eo
913 4173 989 4218 erant
1003 4164 1105 4222 bellurn
1129 4169 1200 4237 quod
1219 4183 1254 4219 ex
1270 4164 1326 4218 loco
1382 4193 1383 4196 =
