2834 4750
239 227 311 318 166
527 193 748 315 nicatuuis
779 233 1040 332 mimorum

236 409 365 493 τομρν.”
388 410 694 494 διακαρτερήσαντες
715 401 774 472 caia
787 410 822 472 ἓν
834 407 958 483 τούτοις
974 404 1160 492 ἀμφότερον
1170 407 1277 488 μέχρι
1293 407 1355 468 τῶν

237 513 444 597 δηλωθεισαῖν
468 507 607 594 ήμεραῖν,
640 512 695 574 καί
715 507 857 585 σπονδάς
877 507 1084 593 ποιησάμενοι
1106 512 1165 570 καί
1186 509 1355 590 συνθήκας

235 614 413 696 εἰρηνικάς,
436 606 505 676 εἶτα
528 609 583 675 καί
603 613 696 693 κῆδος
712 613 765 675 ἐπί
785 617 849 686 τοῖς
868 609 962 684 ἰδίοις
986 607 1082 672 παισί
1096 607 1354 692 συστησάμενοι,

235 703 336 794 μόνην
356 713 499 790 δεξίωσιν
523 706 627 794 άδράν
646 714 702 774 τοῦ
721 713 876 790 βασιλέως
901 711 988 795 ου’τῷ
1009 705 1355 789 προσομολογήσακτσς

237 815 360 878 ἐκεῖθεν
382 807 436 876 ἄπ’
457 809 600 894 άλλήλων
625 812 901 892 διεχωρίσθηοαν,
930 798 1283 882 άπολόσαντοςαιῗτόν.
1295 811 1376 873 vcia

237 911 414 979 σουλτάνου
439 907 498 976 σόν
519 915 618 1000 πολλῆ
639 913 676 999 τῇ
698 913 871 995 περιπλοκῇ
894 912 948 973 καί
962 913 1001 996 τῇ
1023 907 1251 994 συντακτηρίηι
1274 909 1354 991 τιμή

238 1012 319 1094 πρός
338 1010 396 1094 τήν
416 1013 532 1075 οἰκείαν
553 1015 741 1092 βασιλείαν,
771 1000 1018 1092 προοεπιδόντος
1030 1022 1035 1034 ·
1049 1009 1085 1071 δὲ
1106 1012 1165 1071 καί
1185 1012 1253 1071 τῶν
1269 1007 1353 1072 Ῥω-

236 1119 343 1196 μαίων
364 1109 502 1188 ὁπόσους
521 1109 671 1199 ήτήσατο,
693 1115 751 1175 καί
770 1115 919 1193 πρέσβεις
944 1108 979 1173 ε’νι
1002 1112 1065 1174 τῶν
1086 1111 1227 1173 οἰκείων.

339 1213 395 1287 Εἰς
424 1213 459 1274 δὲ
486 1207 521 1275 τό
556 1213 776 1294 Μαντζικίερτ
802 1207 838 1273 τό
861 1205 999 1292 κόστρον
1027 1205 1222 1292 φθάσαντες
1241 1212 1353 1270 πολλοί

237 1315 300 1378 τῶν
315 1302 482 1392 Ῥωμαίων
502 1321 698 1397 καταφυγεῖν
727 1319 872 1391 κατεῖχον
896 1306 984 1372 ον’τό.
1041 1303 1084 1383 οἷς
1102 1309 1131 1370 δ’
1154 1303 1170 1369 ό
1195 1306 1386 1388 uocitatum

238 1413 419 1494 ἐπανῆλθε,
439 1412 480 1473 δι’
506 1405 602 1494 άλλης
625 1410 704 1474 όδσό
727 1413 860 1495 σ’φὲντες
883 1410 978 1472 τοῦτο
1000 1411 1112 1470 ἐκεῖνον
1136 1407 1260 1482 νυκτὸς
1287 1411 1350 1484 ὲξέ·

239 1535 349 1596 φυγον.
395 1511 452 1596 ἀφ’
483 1505 528 1575 ὧν
562 1516 619 1575 καί
639 1535 720 1585 τινες
743 1511 905 1591 πολεμίοις
933 1505 1207 1593 περιπεπτωκότες
1232 1510 1350 1575 διεκιν-

239 1608 417 1674 δόνευσαν·
462 1609 491 1694 οἱ
512 1613 542 1674 δ’
560 1606 649 1674 ἄλλοι
681 1608 820 1694 πρόςτά
842 1614 982 1693 σφέτερα
1011 1606 1231 1692 διεσώθησαν.
1280 1607 1350 1674 ὅδὲ

163 1721 167 1733 ’
236 1709 389 1793 βασιλεός
414 1710 612 1796 κατηντηκιός
628 1713 674 1784 εἰς
699 1708 963 1775 Θεοδοσιοόπολιν
985 1707 1065 1790 μετὰ
1091 1712 1279 1793 Τουρκικῆς
1300 1714 1349 1792 τῆς

237 1815 368 1896 στολῆς,
386 1816 441 1878 καί
462 1811 652 1894 ὑποδεχθεὶς
680 1813 871 1894 φιλοτίμως,
893 1811 1016 1893 ήμὲρας
1044 1805 1133 1882 τινάς
1154 1812 1265 1873 ἐκεῖσε
1289 1813 1386 1876 διε-15

238 1918 424 1998 κορτέρησε,
446 1909 703 1997 θεραπευόμενος
724 1915 784 1990 μὲν
807 1907 862 1994 τήν
884 1919 994 1993 χεῖρα,
1016 1911 1296 1975 συνδιανατιαόων
1316 1913 1349 1974 δὲ

238 2016 294 2078 καί
315 2009 350 2077 τό
386 2008 463 2078 ἄλλο
496 2017 589 2093 σῶμα
621 2014 677 2076 καί
709 2009 942 2092 ἀνακτώμενος,
962 2008 1140 2094 Ῥωμαϊκήν
1168 2035 1207 2074 τε
1229 2009 1348 2094 σκευήν

239 2107 312 2194 άρτι
336 2115 496 2191 καινίζων,
517 2115 572 2177 καί
591 2111 645 2196 τήν
668 2107 768 2196 άλλην
791 2100 891 2175 ἐκεῖσε
918 2107 1165 2188 κατασκευάζων
1187 2108 1348 2190 ἑπίτευξιι

240 2209 295 2276 διά
316 2210 350 2277 τό
372 2216 501 2292 μέλλειν
538 2216 582 2288 εἰς
611 2212 650 2277 τά
674 2212 784 2301 πρόσω
813 2214 870 2294 τῆς
891 2209 1066 2295 ΙῬωμαίων
1087 2220 1219 2295 χωρεῖν.
1268 2207 1348 2296 εἴρας

241 2305 297 2380 σόν
326 2315 449 2381 ἐκεῖθεν
481 2312 561 2395 μετά
592 2319 760 2397 βασιλικῆς
788 2317 842 2398 τῆς
871 2317 987 2408 σκευῆς
1004 2336 1037 2378 τε
1069 2315 1123 2377 καί
1155 2315 1385 2397 προπομπῆςνο

241 2413 324 2505 ‘’tri“
343 2413 400 2491 τάς
421 2416 577 2503 Ἰβηρικάς
598 2416 720 2497 κώμας,
744 2416 866 2499 ὀλίγους
887 2418 969 2479 πάνυ
983 2414 1172 2493 καταλαβὼν
1190 2419 1259 2479 τάν
1271 2437 1351 2500 φυ-

239 2514 347 2599 γάδων
368 2520 422 2601 τῆς
439 2515 546 2603 μάχης
570 2522 786 2603 στρατιωτιόν,
810 2512 866 2590 mic
882 2520 938 2581 καί
958 2514 1075 2591 αότοός
1095 2516 1175 2597 μετὰ
1200 2520 1268 2581 τοῖν
1291 2542 1352 2581 συ-

238 2606 541 2701 νελευθερωθὲντων
556 2612 624 2701 εἶχε
645 2621 723 2700 μεθ’
742 2614 868 2685 ἑαυτοῦ.
891 2617 925 2683 τό
952 2622 981 2682 δ’
994 2610 1072 2683 άλλο
1093 2622 1218 2702 πλῆθος
1239 2611 1352 2683 συνεί-

190 2967 193 2979 .
241 2922 374 2993 equidem,
393 2926 489 2995 iuquit,
508 2938 562 2979 uon
583 2927 706 2979 imitabor
726 2934 848 2980 austerae
870 2935 976 2981 iactet
994 2927 1117 2979 crudeles
1134 2942 1234 2980 marea.
1269 2938 1352 2995 pust.

240 3012 319 3065 quam
338 2997 420 3065 igitur
437 2999 466 3049 in
480 2998 521 3050 hia
540 2999 616 3051 ambo
635 3002 736 3053 versati
755 3008 911 3066 auutuaque
926 3001 959 3052 ad
976 2998 1125 3051 declaratos
1142 3000 1201 3067 dica
1222 3006 1251 3050 et
1269 3001 1352 3052 fidem

242 3076 269 3119 et
289 3070 363 3135 pacis
383 3079 461 3139 pacta
479 3072 631 3135 iunxerunt,
652 3072 749 3123 deiude
765 3073 843 3123 etiam
856 3070 1012 3122 affinitatem
1030 3072 1058 3121 iu
1078 3070 1173 3122 liberie
1192 3073 1250 3123 suis
1271 3087 1352 3123 eom.

240 3150 398 3206 posueruut,
418 3143 510 3193 deutra
528 3151 628 3193 tautum
648 3143 711 3194 fidei
729 3150 799 3193 teste
818 3144 878 3193 data
906 3144 968 3194 iude
988 3144 1168 3194 discesserunt
1186 3158 1202 3192 a
1222 3159 1254 3194 se
1273 3145 1350 3194 iuvi.

242 3226 309 3276 cem,
330 3228 388 3263 cum
408 3212 528 3265 sultauua
556 3229 614 3265 eum
648 3215 794 3265 dimitteret
811 3212 894 3265 multo
924 3230 982 3264 cum
1009 3212 1132 3279 amplexu
1152 3221 1181 3263 et
1198 3213 1349 3266 honoribus

241 3285 438 3349 prosecutionis
460 3284 492 3335 ad
512 3285 595 3351 ipsius
614 3301 736 3353 regnum,
751 3292 833 3352 atque
850 3286 960 3354 adderet
979 3287 1057 3337 etiam
1073 3285 1244 3350 Graecorum,
1265 3295 1349 3354 qnat-

227 3362 308 3421 'quot
326 3354 478 3421 requisivit,
499 3362 525 3405 et
543 3354 646 3422 legatos
668 3372 700 3406 ex
720 3359 783 3408 suis.

342 3441 383 3494 Ad
407 3442 611 3493 Mantzikeuum
636 3452 724 3494 autem
752 3442 891 3496 castellum
917 3443 1043 3494 celeriter
1075 3443 1152 3495 multi
1184 3445 1346 3497 Graecorum

186 3562 189 3569 ,
243 3512 431 3580 confugientes
451 3513 477 3565 id
495 3521 646 3565 tenuerunt.
685 3530 743 3566 cum
762 3523 849 3566 autem
866 3530 915 3566 rex
928 3514 982 3565 alia
1001 3515 1046 3566 via
1063 3515 1172 3578 rediret,
1193 3516 1294 3568 relicto
1313 3532 1345 3566 eo

241 3584 283 3635 illi
302 3591 383 3635 nocte
405 3583 546 3651 fugeruntt
567 3585 715 3653 exquibus
735 3588 813 3637 etiam
831 3584 877 3637 alii
906 3587 933 3637 in
954 3586 1046 3638 hostca
1065 3587 1344 3654 incidenter-pericu.

241 3654 468 3719 lumtubieruut,
498 3658 582 3707 ceteri
606 3659 633 3708 in
658 3673 705 3709 aua
733 3657 882 3708 incolumes
904 3664 1045 3708 venerunt.
1089 3674 1138 3709 rex
1156 3666 1264 3721 autem,
1286 3676 1345 3710 cum

241 3726 396 3779 advenisset
414 3726 640 3794 Theodosiopoliu
659 3744 718 3778 cum
738 3729 843 3795 agmine
862 3728 973 3779 Turcico
1002 3736 1029 3779 et
1047 3727 1195 3780 honorifice
1216 3738 1344 3797 exceptus

243 3803 329 3859 esset,
357 3798 413 3849 dies
438 3798 582 3851 ucuuullcs
602 3800 638 3849 ibi
664 3808 779 3850 moratus
800 3808 849 3862 cat,
869 3815 964 3850 curans
992 3815 1096 3850 manum
1116 3813 1189 3852 suam
1210 3802 1343 3868 simulque

240 3865 375 3933 reliquum
393 3868 517 3921 reficiens
537 3885 633 3937 corpus
654 3878 680 3920 et
699 3872 842 3922 restituens
863 3872 1043 3937 Graecumque
1062 3878 1221 3939 *apparatum
1241 3887 1342 3924 novans

210 3998 212 4001 Ι
241 3943 322 4002 atque
342 3946 432 3988 cetera
455 3939 492 3989 ibi
512 3956 605 4006 paraus
625 3942 813 4007 impedimenta
844 3944 906 4009 quia
924 3942 1031 4009 lougius
1052 3944 1085 4001 ju
1105 3942 1267 3995 Graecorum
1284 3951 1341 3995 ter.

138 4036 145 4043 ·
240 4022 297 4057 ram
322 4022 494 4073 processurus
521 4022 584 4063 erat.
623 4014 759 4078 proiectus
787 4014 868 4081 igitur
896 4014 956 4063 inde
982 4030 1040 4062 cum
1065 4016 1142 4080 regio
1167 4022 1294 4080 apparatu
1315 4023 1341 4064 et

243 4080 368 4128 comitatu
386 4078 505 4132 Ibericos
525 4098 607 4149 pagos
628 4086 789 4153 peragravit,
809 4100 908 4151 paucos
926 4086 1032 4134 omnino
1053 4088 1189 4153 recipiens
1208 4087 1339 4153 fugitivo.

242 4164 300 4201 rum
318 4148 417 4216 proelii
435 4150 556 4217 militum,
577 4169 642 4220 quos
664 4164 690 4206 et
718 4156 790 4219 ipsos
810 4172 868 4207 cum
888 4155 1007 4208 liberatis
1026 4172 1116 4209 secum
1135 4156 1257 4222 habebat,
1292 4161 1337 4207 re-
