2834 4750
508 254 714 374 nunonis.
767 357 771 364 .
1052 392 1054 400 s
1125 301 1172 377 ετ

60 465 209 542 γίνεται,
246 463 308 528 rev
323 455 489 541 Ῥωμαίων
524 464 742 545 οἷρκεοθένταν
772 459 895 536 τούτοις
916 460 971 528 καί
990 458 1175 552 χειροήθεις

61 561 246 642 οἰηθέντων
262 564 391 647 ποιῆσαι
413 557 490 638 τούς
511 563 669 645 μηδέποτε
699 564 885 644 γενομένους
904 564 981 648 μηδ’
1000 565 1063 641 ἕξιν
1083 558 1173 645 ἔχον·

58 685 127 735 τας
149 662 307 744 γίνεσθαι.
350 664 405 726 καί
428 657 457 726 οἱ
484 665 544 744 μὲν
563 664 701 747 α’ρχηγοί
722 659 840 728 τούτων
858 665 902 756 τῷ
918 667 1049 745 βασιλεῖ
1064 687 1172 745 παρα-

60 766 265 844 πέμπονται,
297 759 328 826 ού
361 763 397 828 δὲ
429 763 535 828 λοιποί
563 769 627 838 τοῖς
648 761 742 840 ἰδίοις
771 759 889 848 χάραξι
914 761 1173 848 συνετηρὴθηοαν

29 858 219 938 δάπαθεῖς.

171 962 381 1050 Λωφησάοης
412 967 447 1030 δὲ
466 966 521 1049 τῆς
544 965 636 1030 νύοου
650 1015 659 1046 ,
675 966 730 1030 καί
749 956 855 1048 οἵσπερ
878 957 982 1051 ύφευνν
1007 962 1068 1028 tui
1092 967 1170 1046 θέρ..

57 1067 128 1147 μης
154 1061 322 1146 εύριύστονς
342 1068 596 1148 συγκινουμὲνων
611 1066 718 1130 αύτάν
737 1068 793 1134 καί
813 1060 909 1142 δόξαν
928 1059 1175 1148 παρεσχηκύτων

58 1161 179 1245 ἰσχύος
202 1164 490 1248 ύυσκατεργάστοο,
510 1163 627 1230 σκοπὸν
650 1161 742 1248 ἔσχεν
764 1159 780 1226 ὃ
800 1162 951 1245 βασιλεύς
972 1161 1049 1240 τούς
1070 1164 1174 1248 άρχη-

56 1260 143 1345 γσύς
174 1263 281 1328 αὐταῖν
317 1259 505 1331 άποστεῖλαι
537 1269 760 1340 συνετίσοντας
790 1262 887 1347 τυχύν
920 1263 955 1330 τὸ
990 1260 1173 1351 ύμύφυλον·

12 1380 47 1433 to
58 1361 163 1446 ἔτυχε
183 1362 244 1449 γάρ
262 1364 382 1441 αύτούς
404 1368 460 1449 τῆς
480 1369 535 1430 τού
554 1368 645 1429 θείου
667 1368 804 1450 λουτροῦ
817 1366 1055 1448 παλιγγενεσίας
1076 1390 1174 1430 κατα-

58 1467 180 1542 ξιῶσαι
204 1468 258 1530 καί
284 1470 469 1552 φιλοτιμίας
499 1469 635 1546 α’ξιούοαι
664 1467 822 1551 μεγίστης.
873 1463 929 1529 καί
962 1461 1000 1548 δη
1031 1473 1171 1530 ποιεῖται

56 1563 195 1638 τούτους
224 1568 280 1650 τῆς
310 1563 417 1651 μάχης
449 1559 532 1650 τάχα
564 1571 837 1652 καταλλακτῆρας,
869 1568 926 1631 καί
954 1575 1023 1643 ταῖς
1043 1565 1174 1644 οἰκείαις

56 1669 220 1748 φατρίαις
253 1658 351 1742 αὖθις
385 1664 543 1745 άνασιύζει
573 1671 628 1732 καί
654 1669 885 1752 παραύιλλωοιν.
932 1663 1012 1749 ἔγνω
1048 1669 1084 1732 δὲ
1104 1665 1173 1731 τότε
1257 1672 1262 1687 ’

57 1767 193 1846 πρῶτον
215 1758 263 1830 ύτι
284 1763 387 1851 μάτην
410 1769 555 1832 Αἰθίοπα
577 1771 731 1834 λευκάναί
743 1792 791 1844 τις
805 1770 1028 1848 ἐπιβάλλεται,
1050 1765 1106 1849 καί
1125 1762 1173 1831 ύτι

11 1875 44 1929 15
55 1855 137 1950 ύφιν
158 1869 289 1951 τρέφειν
311 1871 365 1931 καί
380 1866 516 1951 πονηρὰν
536 1867 713 1954 εὐεργετεῖν
735 1862 855 1948 ύμοιον,
876 1865 932 1931 καί
952 1867 1019 1931 οὐδ’
1039 1862 1171 1932 ἑκάστου

56 1963 184 2030 τούτων
208 1965 227 2047 ἦ
255 1965 365 2052 χάρις·
384 1961 560 2034 άπετίκτειν
592 1967 707 2034 εἴωθεν
737 1961 882 2034 εὔνοιαν·
933 1963 1015 2030 κατά
1042 1963 1102 2049 γάρ
1132 1958 1169 2029 τύ

56 2065 179 2145 οἰκεῖον
201 2063 292 2142 ἔθνος
323 2070 482 2150 γενόμενοι
510 2069 611 2136 πάντα
644 2070 796 2152 πράττειν
827 2062 887 2134 ύσα
907 2063 940 2133 τύ
967 2065 1042 2143 ἔθος
1062 2065 1171 2141 αύτοῐς

55 2161 197 2252 παρῄνει
228 2171 283 2232 καί
312 2171 493 2253 διηρέθιζεν
529 2171 586 2235 oda
617 2171 804 2252 α’πείχοντο,
836 2178 982 2252 συνεχεῖς
1011 2161 1170 2253 ε’κύρομάς
1204 2249 1210 2255 ι

56 2263 267 2348 ε’ργαζύμενοι
280 2271 335 2332 καί
355 2274 661 2356 λαφυραγωγούντες
683 2269 720 2334 τά
741 2267 844 2359 κύκλῳ
866 2273 922 2334 καί
932 2261 995 2334 πάν
1009 2265 1045 2333 τύ
1068 2290 1170 2352 προσ·

14 2363 161 2459 λῡζυχύν
184 2367 380 2453 ληιζόμενοι,
412 2369 467 2464 καί
492 2371 547 2455 την
570 2370 753 2456 Ῥωμαϊκὴν
786 2376 845 2455 γῆν
877 2379 942 2446 τοῖς
974 2368 1088 2452 αἵμασι
1107 2363 1198 2434 utsf·
1215 2362 1325 2441 1738(

58 2463 221 2533 Αύσύνων
243 2473 426 2549 πιαίνοντες.
449 2475 500 2537 διὸ
522 2476 577 2539 καί
594 2456 841 2559 συνηναγκάσθη
861 2472 956 2538 πάλιν
978 2467 994 2534 d
1015 2470 1170 2554 βασιλεύς

60 2570 143 2635 κατά
169 2572 231 2637 rur
252 2570 429 2657 βαρβάρων
449 2574 562 2650 ἐλάσαι
582 2570 735 2653 στρατιάν
750 2572 937 2656 α’ξιύμαχον.
979 2574 1034 2639 καί
1054 2578 1170 2640 συνελ-

15 2670 21 2681 ’
59 2667 186 2755 θούσης
207 2664 308 2755 αύτῆς
335 2673 389 2738 καί
421 2682 485 2751 τοῖς
518 2674 672 2750 ε’ναντιόις
700 2676 1035 2762 άντιπαραταξαμένης
1064 2672 1169 2757 μάχαι

138 2850 180 2903 10.
201 2850 404 2915 καταξιώσαςῖ
426 2920 430 2929 r
499 2854 540 2905 11.
562 2853 711 2918 α’ξιιύσαςθ
784 2854 826 2907 16.
846 2854 945 2927 ἑτέρον
958 2869 992 2906 an
1011 2850 1169 2926 ἑκατέρουῖ

59 3004 181 3049 seuntur.
220 3007 247 3050 et
268 2999 406 3065 dissipatio
426 3005 481 3051 tum
502 3002 635 3053 exereitus
654 3000 696 3064 lit,
725 3014 785 3050 cum
804 2999 917 3051 Romani
937 3000 1056 3051 contenti
1075 3006 1168 3051 essent

59 3065 101 3119 his
121 3077 198 3120 etse
218 3084 266 3120 eos
284 3078 438 3123 mansuetos
467 3080 589 3137 putarent
609 3072 736 3134 lecturos,
769 3072 814 3138 qui
832 3086 966 3138 nunquam
986 3068 1057 3121 tales
1071 3070 1169 3121 fierent

59 3152 154 3207 neque
170 3139 323 3193 facultatem
343 3142 473 3193 haberent
492 3143 570 3195 huius
588 3144 638 3196 rei.
686 3151 769 3211 atque
794 3142 876 3193 duces
895 3141 1002 3209 quidem
1020 3140 1114 3191 horum
1134 3140 1167 3205 ad
1229 3205 1232 3209 A

59 3222 152 3331 reglem
169 3212 317 3277 mittuntur,
338 3215 422 3265 ceteri
442 3223 529 3267 autem
543 3216 661 3281 ipsorum
681 3214 788 3265 munitis
802 3212 872 3264 loeis
892 3210 1103 3264 observabantur
1121 3213 1166 3263 in·

60 3294 95 3329 εο
109 3296 195 3333 umes.
768 3282 782 3330 t

160 3352 225 3405 Cum
248 3362 336 3407 autern
363 3367 496 3411 cessasset
520 3357 627 3411 morbus
655 3363 681 3407 et
707 3357 777 3408 sicut
800 3364 939 3424 serpentes
966 3354 1058 3409 calore
1076 3354 1167 3412 valide

58 3434 250 3477 semoverunt
273 3426 316 3477 illi
342 3436 369 3478 et
388 3431 542 3497 opinionem
563 3428 742 3481 obtinuissent
758 3428 863 3480 roboris
883 3427 1077 3489 intractabilis,
1097 3441 1165 3476 con-

58 3492 149 3547 silium
165 3496 257 3547 habuit
276 3512 324 3549 rex
342 3500 423 3552 duces
442 3516 533 3555 eorum
551 3500 672 3552 mittendi
700 3507 731 3551 ut
760 3500 896 3551 erudirent
919 3514 1004 3568 genus
1022 3504 1165 3564 cognatum

58 3566 128 3630 quod
145 3568 244 3619 aderat.
257 3570 354 3621 accidit
367 3574 438 3623 enim
451 3582 480 3624 ut
493 3588 539 3625 eos
553 3572 676 3625 nouando
691 3571 785 3623 divino
796 3572 926 3638 baptismo
937 3570 1049 3637 dignare
1062 3567 1166 3620 vellent

60 3636 208 3690 ethonore
228 3639 322 3708 dignos
352 3640 452 3694 habere
470 3644 594 3695 maximo.
646 3651 728 3711 atque
752 3644 792 3694 sie
817 3643 882 3693 lacit
907 3654 955 3693 eos
976 3652 1082 3706 pugnae
1101 3653 1164 3689 mox

60 3708 248 3763 conciliatores
269 3720 296 3763 et
314 3712 468 3766 domesticis
488 3715 611 3782 gentibus
630 3729 723 3767 rursus
742 3714 859 3766 restituit
886 3720 916 3763 et
934 3710 1024 3761 tradit.
1052 3709 1164 3763 intelle.

23 3824 32 3835 ,
60 3776 98 3827 xit
115 3788 203 3833 autem
223 3789 276 3833 tum
297 3786 418 3849 primum,
439 3785 537 3837 frustra
551 3786 713 3852 Aethiopem
732 3784 823 3835 albaro
842 3782 962 3850 aliquem
978 3782 1037 3845 niti,
1058 3790 1085 3833 et
1103 3799 1164 3834 ser.

59 3858 164 3910 pentem
189 3852 264 3905 alere
291 3863 317 3905 et
335 3855 405 3906 malo
432 3854 585 3908 beneficeie
611 3856 680 3907 idem
700 3871 777 3919 esse,
803 3870 892 3921 neque
922 3855 1051 3921 cuiusque
1070 3854 1164 3906 horum

60 3924 168 3987 gratiam
194 3939 289 3989 parere
314 3926 403 3977 solere
423 3927 656 3989 benevolentiam
684 3928 783 3979 etenim
813 3940 872 3976 cum
897 3927 1022 3993 proprius
1048 3926 1164 3994 populus

61 3987 120 4044 lacu
140 4003 231 4047 essent
245 3998 333 4049 omnia
347 3998 445 4062 lacere,
466 3998 498 4049 ad
513 4012 651 4066 quaemus
668 4010 715 4049 eos
735 3997 889 4049 hortabatur
909 4006 935 4049 et
952 3997 1164 4061 excitabamur}

60 4060 236 4129 desistebant,
261 4084 320 4119 eum
348 4071 490 4123 continuos
518 4071 632 4135 impetus
651 4068 774 4121 lacerent
791 4077 819 4119 et
836 4069 985 4136 spoliarent
1003 4085 1073 4138 quse
1092 4070 1165 4121 eirea

62 4144 134 4187 erant
148 4146 176 4187 et
189 4152 365 4207 quaeeunque
379 4149 561 4205 occurrerent,
580 4142 721 4209 privarent
739 4148 766 4192 et
778 4140 904 4193 Graecam
922 4150 1020 4195 terram
1033 4141 1164 4209 snguine

61 4200 198 4263 Ausonum
217 4212 346 4265 satiarent
374 4222 484 4282 propter
509 4214 579 4285 quod
599 4214 678 4267 etiam
701 4220 813 4269 εοκεεπτ
827 4222 879 4269 ‚est
896 4229 987 4269 rursru
1003 4229 1054 4267 rex
1071 4219 1164 4265 eontra
