2834 4750
246 276 318 358 rtu
542 278 765 353 moninus
794 258 1052 392 lmluorln

244 451 531 538 ἀποπεμψάμενος,
562 459 617 538 τῆς
639 459 685 532 εἰς
704 454 744 521 τά
769 452 879 543 ’πρόσρ
909 455 1038 536 πορείας
1057 444 1283 528 εὐθυμότερον
1303 437 1358 506 εἴ·

242 578 328 640 χετο,
348 553 513 642 διαφόρως
534 559 692 636 α’ποξενάν
714 553 830 620 ἑαυτὸν
849 557 907 620 τοῦ
926 553 1065 636 στρατοό
1084 551 1132 624 εἰς
1151 545 1211 620 τάς
1233 547 1358 618 οἰκείας

243 655 393 733 ἐπαύλεις
411 659 466 724 καί
486 653 654 743 κτημάτων
676 658 844 734 ε’πιδειξεις
857 657 980 720 οἰκείων
997 655 1053 718 καί
1074 651 1357 729 πολυτελεστέρων

244 759 417 841 οἰκοδομῶν
445 753 614 840 διατάξεις.
658 759 947 838 διαπεραιωθέντος
975 748 1031 818 οὖν
1053 756 1111 818 τοῦ
1136 750 1283 834 στρατοῦ
1303 743 1358 810 τόν

235 849 338 925 Ἅλυν
360 861 527 942 λεγόμενον
549 856 690 941 ποταμόν
712 856 809 933 ου’τὸς
831 851 869 920 οὗ
885 853 1162 936 συνδιεπεραιάδη
1176 847 1385 934 τηυιναῦταῦ

244 963 341 1049 αὐτῷ,
360 962 432 1025 ἀλλ’
454 957 500 1036 εἰς
522 963 671 1044 νεοπαγὲς
690 957 864 1046 φρούριον,
888 956 922 1022 ἐκ
943 954 1144 1041 προστάξεως
1164 952 1275 1016 αἰτοῦ
1293 973 1360 1054 συ-

244 1065 482 1148 ναικοδομηθίν,
506 1065 668 1145 ἐπιμείνας
690 1065 813 1127 ἐκεῖθέν
835 1084 922 1134 τινας
946 1057 1066 1140 ἡμέρας
1087 1057 1268 1138 διέτριψεν.
1288 1055 1358 1114 εἰτα

245 1165 494 1248 διαπεραιωθεὶς
522 1167 578 1228 καί
606 1161 725 1245 αὐτός,
756 1152 822 1227 κείν’
845 1165 883 1248 τῇ
910 1163 970 1225 τοῦ
991 1158 1182 1242 Χαρσιανοῦ
1200 1158 1354 1239 ε’παρχίηι,

244 1263 303 1347 τήν
324 1265 482 1348 διαίρεσιν
505 1267 539 1328 εἰι
559 1268 616 1331 τοῦ
640 1266 779 1348 στρατοῦ
807 1267 852 1339 εἰς
876 1261 999 1344 κτήσεις
1019 1260 1136 1332 οἰκείας
1156 1257 1355 1336 συνδιεγρά-

244 1377 351 1444 waso·
394 1365 449 1430 καί
469 1365 505 1430 τὸ
527 1366 581 1429 α’π’
604 1368 725 1428 ἐκείνου
748 1365 931 1447 άδιμίρετος
953 1354 1011 1443 ήυ,
1034 1362 1072 1445 τῇ
1086 1353 1292 1438 Καισαρέων
1311 1350 1353 1436 μή
1364 1364 1395 1414 10

245 1466 424 1546 προσμίξας
446 1462 481 1528 τό
506 1462 650 1544 σύνολον,
675 1465 735 1537 ἕως
767 1466 812 1539 εἰς
835 1459 891 1544 τήν
905 1464 1087 1544 λεγομένην
1111 1454 1233 1540 Κρέον
1253 1453 1354 1541 πηγήν

233 1557 443 1646 ἶένηυλίσατο.
488 1569 554 1630 έστί
576 1563 638 1648 γάρ
662 1563 679 1628 ό
703 1563 796 1640 τόπος
818 1561 948 1635 οόδενὸς
968 1564 1030 1626 τάν
1049 1558 1202 1643 χρηστῶν
1226 1555 1267 1622 τά
1292 1581 1353 1620 πα-

246 1656 352 1745 ράπαν
374 1665 631 1748 άπολειπόμευος,
656 1662 691 1732 τό
715 1691 749 1732 τε
770 1662 834 1749 [τό]
865 1660 954 1746 ὕδωρ
976 1664 1091 1736 διειδὲς
1115 1652 1184 1740 άμα
1215 1656 1275 1723 καί
1298 1653 1354 1720 πό-

245 1786 337 1846 τιμον
361 1769 415 1830 καί
434 1766 662 1854 ψυχρότατον,
687 1770 803 1850 δένδρα
825 1792 859 1832 τε
891 1765 1057 1848 συνηρεφῆ
1084 1758 1164 1842 μετά
1190 1763 1354 1843 δαψιλοῦς

245 1868 303 1948 τῆς
321 1866 399 1951 πόης
419 1871 572 1954 ἐκτρέφον
591 1869 647 1935 καί
665 1872 858 1949 ’ξυλίσαοδαι
887 1861 1037 1949 εὔπορος,
1056 1867 1220 1937 παντοίοις
1238 1885 1277 1925 τε
1298 1862 1394 1946 (λά-15

248 1968 315 2044 δοις
338 1965 516 2048 κατάκομος
548 1976 604 2036 καί
624 1979 830 2056 κρινωυιαῖς,
853 1969 963 2054 λόφοις
982 1990 1014 2030 τε
1043 1965 1145 2049 ήρέμα
1167 1961 1251 2046 πρὸς
1278 1957 1356 2026 30¹¹·

247 2067 324 2141 τοδς
352 2068 522 2152 εἰνάγουσιν
543 2063 683 2152 εὔθετος,
704 2075 760 2135 καί
781 2065 846 2137 οἷον
858 2075 956 2135 εἰπεῖν
980 2065 1150 2148 άστυκιάμη
1171 2061 1230 2127 καί
1253 2061 1356 2146 οἰγρά-

247 2174 340 2243 “⁰223
370 2170 423 2232 διὰ
447 2175 501 2252 τῆς
526 2176 705 2254 συμμιγοῦς
727 2169 937 2255 ποριμότητος
966 2162 1208 2252 γνωριζόμενος.
1253 2161 1355 2228 ἐκεῖσε

247 2251 278 2330 δ’
297 2265 313 2331 ό
332 2267 485 2349 βασιλεάς
507 2270 629 2356 ἡμέρας
649 2269 739 2346 τινάς
758 2266 1121 2354 στρατοπεδευσάμενος,
1143 2261 1186 2341 oric
1212 2259 1282 2329 εἶδε
1303 2264 1357 2347 τήν

198 2407 202 2411 -
244 2369 357 2455 χάραν
381 2371 524 2456 άφειδαῖς
545 2378 809 2457 κατακειρομέυην
830 2376 864 2436 έν
888 2377 948 2438 τῶν
971 2359 1173 2456 στρατιωτῶν
1196 2373 1255 2433 καί
1273 2369 1395 2449 paam

249 2476 303 2537 λον
328 2474 363 2537 ἰκ
390 2476 447 2535 τοῦ
480 2475 718 2558 μισθοφορικοά
747 2474 802 2538 καί
830 2474 1032 2557 α’λλογευοῦς,
1059 2470 1113 2535 καί
1144 2464 1233 2535 άπαν
1267 2470 1356 2552 λήιον

248 2569 374 2657 ε’ξοίρως
394 2567 647 2655 α’ποτεμνόμενου
679 2575 820 2649 καὶτοῖς
840 2572 1019 2659 βοσκήμασι
1052 2567 1358 2658 λαφυραγωγυάμε-

249 2694 315 2755 νον,
335 2674 467 2757 δηχθείς
496 2672 554 2757 τήν
583 2665 694 2757 ψυχήν
724 2674 938 2760 άπηυέοτερον
967 2676 1172 2760 προσηνέχθη
1203 2675 1276 2737 τεσί
1295 2676 1359 2736 τῶν

322 2857 364 2911 18.
385 2848 568 2933 ποριμότατα
587 2859 617 2915 G.
637 2870 740 2915 rectum
759 2864 822 2931 quid
840 2871 922 2929 esset,
941 2863 1009 2915 vidit
1027 2871 1055 2914 et
1072 2863 1216 2930 interpres.

252 3044 286 3089 ex
305 3033 445 3087 voluntate
464 3037 560 3102 potuit,
580 3026 701 3104 plurimis
721 3045 809 3089 autem
829 3037 932 3089 emissis
951 3037 1144 3104 profectionem
1164 3034 1277 3105 longius
1297 3037 1355 3087 for.

250 3108 303 3159 tius
322 3106 445 3172 instituit,
465 3106 620 3161 abalienans
640 3126 669 3162 se
689 3111 765 3161 vario
783 3108 862 3159 modo
883 3109 915 3159 ab
935 3110 1055 3160 exercitu
1073 3110 1101 3159 in
1120 3108 1233 3174 privatis
1258 3110 1355 3159 castris

196 3200 199 3207 ν
249 3185 276 3229 et
295 3180 493 3245 possessionum
505 3182 684 3232 ostentatione
698 3196 813 3244 suarum,
832 3187 858 3230 et
870 3181 1059 3246 pretiosiorum
1070 3180 1265 3230 constitutione
1276 3181 1355 3230 aedi-

174 3286 177 3300 .
247 3250 377 3301 liciorum.
393 3266 452 3301 oum
464 3251 547 3319 igitur
559 3250 692 3304 exercitus
703 3250 922 3317 transiretllalyn
936 3253 981 3319 qui
990 3253 1086 3303 dicitur
1096 3250 1216 3314 fluvium,
1227 3252 1288 3317 ipse
1300 3265 1352 3301 non

248 3321 376 3373 transibat
393 3329 448 3372 tum
467 3338 526 3372 eum
546 3338 594 3375 eo:
614 3325 660 3375 sed
679 3326 706 3375 in
724 3338 824 3375 recens·
839 3323 909 3374 lacto
930 3322 1041 3374 castello
1062 3322 1131 3390 quod
1152 3338 1185 3372 ex
1204 3324 1264 3374 eius
1286 3339 1352 3375 con-

247 3394 386 3457 stitutione
403 3393 578 3443 aedificatum
590 3402 647 3461 erat
664 3411 803 3446 remanens
829 3396 890 3446 inde
908 3394 1054 3446 nonnullos
1073 3394 1130 3445 dies
1149 3393 1233 3461 degit.
1255 3395 1352 3446 deinde

247 3471 431 3531 transgressus
452 3464 549 3531 etipse
569 3467 647 3515 etiam
666 3466 693 3515 in
704 3466 843 3518 Gharsiani
862 3468 1002 3533 provincia
1020 3466 1180 3517 divisionem
1191 3481 1235 3516 ‘ex
1257 3467 1350 3517 castris

249 3535 282 3586 ad
302 3550 362 3586 suas
381 3535 567 3599 possessiones
587 3536 738 3602 descripsit,
761 3546 787 3587 et
807 3553 840 3587 ex
858 3538 906 3589 illo
919 3547 1039 3605 tempore
1058 3537 1190 3587 indivisus
1210 3544 1268 3587 erat
1281 3537 1349 3591 Cae-

250 3620 343 3656 sareae
363 3607 470 3656 omnino
490 3620 544 3655 non
563 3606 709 3657 accedens:
730 3608 815 3658 donee
833 3610 861 3659 in
880 3608 952 3674 loeo,
973 3612 1018 3677 qui
1037 3608 1097 3660 lons
1116 3606 1224 3677 gelidus
1245 3609 1349 3671 dicitur,

251 3684 338 3727 castra
362 3678 459 3743 posuit.
499 3684 540 3727 est
559 3678 627 3726 enim
646 3674 722 3728 loeus
741 3677 816 3728 nulla
834 3682 942 3731 omnino
961 3696 1050 3732 rerum
1068 3680 1174 3731 utilium
1193 3680 1350 3732 destitutus:

255 3753 335 3812 atque
356 3762 449 3815 aquam
471 3745 585 3797 lucidam
608 3747 686 3799 simul
706 3757 733 3799 et
752 3758 780 3800 ut
797 3748 853 3803 bibi
870 3754 956 3820 possit
977 3761 1004 3803 et
1022 3752 1229 3819 frigidissimam,
1255 3760 1283 3802 et
1305 3768 1350 3801 ar.

220 3856 222 3859 .
248 3816 328 3868 bores
354 3818 437 3869 densa
456 3817 550 3869 lronde
568 3826 653 3869 tectas
672 3820 813 3886 proferens
834 3832 861 3873 et
883 3817 1036 3874 facultatem
1060 3822 1127 3891 ligni
1152 3823 1299 3889 praebens,
1324 3829 1350 3873 et

186 3899 194 3907 ·
249 3887 332 3937 variis
350 3889 419 3940 rosis
438 3888 539 3942 obsitus
560 3898 586 3940 et
607 3890 683 3956 liliis,
704 3900 731 3942 et
750 3891 874 3958 collibus,
890 3896 935 3962 qui
954 3894 1028 3945 lente
1038 3895 1070 3944 ad
1090 3895 1255 3961 saederunt,
1275 3909 1349 3946 eom-

248 3959 362 4024 positus,
386 3967 420 4023 et,
440 3969 469 4011 ut
488 3963 524 4012 ita
543 3962 636 4026 dicam,
656 3963 771 4016 urbanus
790 3980 875 4033 pagus
895 3974 922 4017 et
939 3967 1039 4018 rustica
1057 3966 1120 4017 urbs
1139 3975 1251 4033 propter
1276 3982 1348 4017 com-

248 4030 356 4083 mixtam
374 4031 527 4085 facultatem
546 4048 685 4102 apparens.
730 4035 767 4086 ibi
787 4045 874 4087 autem
902 4053 951 4088 rex
976 4036 1033 4089 dies
1058 4035 1204 4089 nonnullos
1229 4046 1348 4091 versatus

250 4117 309 4162 euru
327 4103 433 4155 videret
450 4104 546 4157 terram
566 4106 711 4159 crudeliter
729 4109 858 4175 direptam
877 4125 926 4176 per
943 4108 1042 4161 milites
1062 4117 1089 4161 et
1106 4111 1191 4177 magis
1210 4126 1261 4177 per
1277 4124 1347 4161 mer-

250 4176 373 4233 cenarios
393 4184 420 4231 et
437 4176 542 4231 alienos
562 4187 589 4230 et
607 4193 698 4231 omnes
717 4188 825 4245 segetes
845 4181 1033 4248 intempestive
1061 4180 1194 4236 abscissos
1219 4190 1248 4234 et
1265 4196 1347 4253 peco-
