2834 4750
243 284 319 374 ,Μ
530 294 752 367 HICHAEOE
780 298 1040 369 tumueras

241 459 352 541 μα’των
363 460 545 544 χαρίσμασι
565 466 619 527 καί
639 467 677 550 τῇ
698 464 779 552 πηγῇ
792 467 850 528 τοό
864 466 970 541 ε’λόους
991 464 1160 553 εδδόκιμον
1176 462 1237 527 καί
1259 452 1361 545 δπὲρ-

216 579 222 601 ¹
241 584 331 644 τερον
350 564 407 626 καί
425 557 519 647 λόγον
541 563 660 640 παντός
683 566 858 649 ἀνώτερον,
884 571 974 632 τοῦτο
996 570 1043 631 ἐπ’
1069 568 1175 649 αότίρς
1197 566 1261 647 τῆς
1286 563 1361 647 ‹ilp-

240 664 333 739 θείες
354 662 569 747 ιίνυπτκρίτας
588 668 725 750 ζίξαίρα,
747 668 803 732 καί
821 672 911 733 τοῦτο
930 666 983 733 διό
1005 669 1149 749 σπουδῆς
1173 666 1360 750 πεποίημαι

241 766 318 830 πόσι
339 769 542 849 παραστῆσαι
573 766 764 853 κατάδηλον,
793 773 848 834 καί
868 776 937 847 ταῖς
966 774 1137 850 μετέπειτα
1159 776 1293 850 γενεαῖς
1316 770 1358 831 δι’

240 864 449 949 α’ναγνόοεαις
478 872 533 933 καί
565 870 690 952 μνήμης
711 870 755 945 τός
776 870 956 955 όπόδειγμα
986 868 1153 934 κάλλιστον
1179 868 1377 955 daubore-5

207 1051 211 1060 ,
239 968 396 1051 τιζεσδαι,
417 973 474 1033 καί
491 968 548 1035 τόν
565 965 652 1035 οότοι
674 975 778 1047 καλῶς
800 976 856 1035 καί
883 976 1018 1046 ἰσοθέοις
1040 967 1079 1034 τό
1103 974 1161 1053 τῆς
1183 972 1353 1049 βασιλείας

237 1065 425 1134 armenus
452 1072 624 1155 πράγματα
645 1070 772 1136 πόντιον
804 1074 968 1151 α’ποδεϊξαι
987 1070 1304 1158 φιλανδριοπότερόν
1320 1092 1352 1133 τε

237 1169 292 1230 καί
312 1169 591 1255 εδεργετιιιιότερον
612 1166 668 1236 καί
688 1175 855 1255 pelo-‘isiae
875 1170 1054 1253 α’νόμεστον
1076 1169 1130 1233 καί
1151 1162 1351 1253 α’σόγκριτοι

237 1276 301 1344 ταῖς
326 1269 387 1353 πρό
421 1272 527 1337 αι’τοιῖ
558 1271 805 1353 βασιλεύσασιν,
829 1267 877 1335 ότι
899 1269 934 1337 ἐν
957 1268 1087 1359 τοιαύτῃ
1110 1272 1173 1333 τοόν
1197 1266 1350 1352 πραγμά-

236 1392 300 1433 των
319 1376 514 1461 στενοχωρίᾳ
535 1370 655 1448 πόντος
674 1370 750 1446 τοός
772 1374 806 1437 όν
827 1374 870 1459 τῷ
884 1373 1057 1459 πλατυσμρῖ
1080 1369 1282 1453 κρατοῦντας
1296 1372 1347 1449 τῆς
1356 1388 1380 1445 10

235 1474 402 1550 βασιλείας
430 1473 647 1558 διαφερόντως
670 1472 913 1559 δπερηκόντισε.
958 1468 1015 1535 καί
1032 1468 1094 1553 γόρ
1116 1474 1174 1533 καί
1194 1466 1256 1544 τὰς
1279 1466 1347 1532 ἐπι-

235 1564 356 1650 στήμας
377 1571 432 1636 καί
451 1578 565 1656 τέχνας
581 1566 758 1656 ἢψυχικός
778 1567 894 1655 οἷρετοὶς
917 1578 1024 1636 πολλοὶ
1045 1575 1104 1653 μὲν
1129 1574 1195 1633 τεόν
1215 1568 1347 1653 ιίνδριό-

234 1690 303 1733 πων
323 1674 526 1754 μετέρχονται
551 1677 606 1736 καί
628 1672 840 1753 δεικνύουσιν,
859 1675 985 1738 ἐκείνων
1008 1675 1043 1737 δὲ
1063 1670 1100 1739 τό
1123 1671 1270 1754 βραβεΐό
1285 1673 1344 1735 εἰσι

233 1766 290 1833 καί
312 1767 427 1837 νότιόν
450 1775 615 1856 ἐγκωμίων
642 1780 797 1861 στέφανοι
818 1778 1005 1857 πλέκονται,
1028 1776 1088 1840 τῶν
1110 1771 1189 1848 τοδς
1210 1771 1344 1845 λοιποός

234 1871 499 1957 ὑπερβαλλόντων
519 1879 562 1965 τῷ
587 1878 802 1965 α’παραμίλλιρ
823 1880 878 1941 καί
897 1876 1151 1963 όπερφυεστοίτρι
1176 1877 1235 1958 τῆς
1258 1870 1374 1958 πρό-15

235 1978 321 2053 ξεας.
372 1972 392 2037 δ
423 1973 486 2059 γὰρ
507 1980 652 2055 τοιοῦτος
670 1976 824 2060 βασιλεός
854 1975 910 2041 καί
927 2001 959 2041 τι
986 1972 1176 2062 όξοχοότερόν
1196 1971 1269 2058 εἶχε
1291 1978 1345 2037 καί

232 2075 295 2137 τεόν
325 2079 380 2159 τῆς
403 2080 571 2158 βασιλείας
603 2078 803 2163 παρασήμων
834 2079 1091 2163 μεγαλειότερον·
1146 2079 1178 2141 εί
1204 2078 1268 2159 γάρ
1296 2101 1341 2151 τις

233 2168 300 2239 εἶδε
323 2173 378 2241 τόν
406 2177 462 2241 ε’πί
482 2186 558 2259 ,τοῖς
580 2180 720 2266 όφρόοιν
750 2182 852 2245 αιίτοῦ
883 2179 963 2244 κατό
985 2178 1019 2241 τό
1048 2180 1197 2259 μέτωπον
1236 2176 1341 2259 τόπον,

240 2275 414 2359 σταυρικόν
445 2289 576 2362 σημεῖον
610 2284 770 2367 ου’τοφυὲς
799 2276 885 2363 ἑοόρα
907 2283 945 2367 τῇ
965 2276 1122 2363 κοιλότητι
1142 2282 1204 2343 τεόν
1229 2284 1343 2363 ἑγκαρ-
1405 2328 1406 2337 ,

236 2373 316 2441 σίων
335 2381 442 2464 μερτόν
464 2380 714 2463 ἀποτελούμενον
738 2385 890 2467 α’κριβιός,
914 2381 958 2457 τός
973 2379 1210 2467 τροπαιοφόρον
1231 2384 1377 2450 tentorii

234 2478 268 2558 ἐξ
289 2476 390 2562 τ’ργων
411 2480 587 2546 ον’ταῖνκαί
605 2479 820 2568 σημειοφόρου
835 2485 870 2548 εἰι
884 2486 976 2560 θείας
995 2479 1231 2565 πλαστουργίας
1254 2507 1340 2565 γνω-

234 2579 392 2660 ρίζεσθαι.
438 2582 489 2644 διό
516 2579 554 2666 δι’)
575 2586 631 2646 καί
645 2582 760 2658 πάντες
781 2580 811 2649 οἱ
827 2586 1037 2664 οίντιιιείμενοι
1057 2580 1111 2646 καί
1130 2581 1175 2664 μή
1199 2587 1338 2667 πειθαρ.
1404 2629 1405 2653 ,

232 2678 365 2758 χοόντες
384 2679 470 2770 crispi
484 2686 542 2746 καί
563 2685 717 2757 δουλικῶς
734 2688 984 2767 προσκυνοῦντες
999 2684 1140 2766 ἰσχυρῶς
1160 2683 1199 2767 τῇ
1222 2685 1337 2748 τούτου

234 2773 380 2868 ῥομφαίρ
410 2784 466 2845 καί
491 2790 554 2856 τοῖς
585 2786 812 2867 στρατοπέδοις
834 2788 1019 2864 κατέπεσον,
1054 2781 1084 2847 οἱ
1105 2784 1141 2847 δὲ
1164 2781 1220 2846 καί
1242 2783 1339 2848 αὔτε-

233 2873 399 2963 adrectae
421 2881 478 2968 τὴν
502 2883 648 2952 δουλείαν
671 2885 866 2972 ἠσπάσαντο.
911 2877 985 2972 εὗρε
1008 2882 1069 2972 γόρ
1091 2882 1147 2970 τόν
1166 2884 1337 2967 Ῥωμαίων

230 3148 378 3218 ρὶτίοιιίλιαε
403 3157 430 3202 ct
456 3151 538 3202 fonte.
556 3151 758 3204 misericordiae
786 3150 931 3218 gloriosam
958 3157 984 3200 et
1011 3146 1135 3198 altiorem
1159 3155 1187 3200 et
1210 3163 1335 3202 sermone

84 3253 88 3266 .
142 3230 144 3233 ’
231 3221 303 3271 omni
321 3222 487 3288 superiorem
514 3223 644 3274 rationem
673 3239 706 3274 ex
732 3225 791 3289 ipsa
817 3222 931 3273 veritato
958 3221 1018 3273 sinc
1043 3218 1214 3270 simulatione
1235 3220 1334 3273 effero:
1402 3239 1403 3262 ι

230 3299 312 3360 περιτο
331 3289 400 3344 banc
418 3294 506 3345 studui
525 3293 647 3345 omnibus
670 3291 935 3362 apponere-claram,
957 3299 983 3342 et
1001 3291 1117 3356 posteris
1137 3291 1273 3344 aetatibus
1292 3293 1334 3343 le.

232 3363 322 3414 ctione
341 3371 368 3414 et
394 3365 520 3415 memoria
546 3373 572 3415 et
600 3367 750 3433 exemplum
776 3363 984 3432 pulcherrimum
1009 3362 1185 3413 immortalem
1210 3363 1333 3426 reddere,

232 3442 312 3501 atque
333 3449 407 3499 eum,
434 3437 480 3504 qui
504 3444 557 3487 tam
574 3435 687 3502 pulchre
718 3444 744 3487 et
762 3438 854 3488 divine
878 3449 991 3503 regnum
1015 3433 1189 3496 administrat,
1213 3433 1333 3486 omnibns

231 3506 373 3558 ostendere
392 3506 575 3558 humaniorem
589 3515 617 3557 et
634 3507 871 3560 beneficentiorem
896 3514 924 3556 et
941 3506 1041 3573 pietate
1060 3503 1169 3571 plenum
1189 3511 1272 3572 atque
1292 3508 1333 3558 in.
1401 3533 1402 3540 ι

231 3576 436 3644 comparabilem
450 3577 584 3645 priorrbus
597 3579 723 3646 regibus:
744 3581 806 3646 quia
824 3572 851 3629 in
870 3577 969 3628 talibus
982 3591 1069 3628 rerum
1089 3577 1223 3642 angustiis
1243 3591 1332 3630 omnes

174 3662 177 3670 ’
230 3649 257 3699 in
278 3648 453 3715 amplitudine
472 3651 549 3716 regni
568 3651 730 3717 imperantes
749 3647 828 3702 valde
847 3649 1002 3718 superavit:
1028 3648 1125 3698 etenim
1149 3655 1176 3697 et
1195 3647 1289 3700 literas
1309 3657 1333 3699 et

217 3728 302 3772 artes
322 3719 367 3772 vel
388 3721 468 3772 animi
485 3721 599 3773 virtutes
623 3721 700 3773 multi
721 3720 842 3772 homines
867 3720 974 3787 assequi
1002 3718 1108 3770 student
1128 3726 1154 3768 et
1174 3718 1331 3770 ostendunt:
1400 3759 1401 3776 ,

229 3788 337 3842 illorum
356 3799 444 3850 auteur
473 3793 670 3858 praemineant
690 3800 717 3842 et
736 3791 841 3844 laudum
870 3806 986 3842 coronae
1015 3790 1178 3857 plectuntur,
1201 3792 1248 3858 qui
1267 3790 1331 3841 reli.

229 3876 296 3926 quos
315 3872 442 3929 superant
459 3863 662 3929 incomparabili
677 3871 704 3914 et
722 3865 835 3913 maxime
855 3863 957 3928 ingenti
977 3863 1093 3912 actione.
1113 3860 1175 3912 talis
1196 3863 1268 3911 enirn
1286 3877 1331 3911 rex

229 3932 274 3981 vel
294 3934 464 3996 praecellens
490 3935 552 4005 quid
579 3943 607 3986 et
634 3937 661 3986 in
687 3936 764 4000 regui
795 3933 944 4001 insignibus
974 3932 1189 4001 magnificentius
1209 3927 1330 3984 habebat.

174 4027 178 4037 ‹
229 4002 251 4051 si
270 4004 330 4067 quis
349 4006 418 4056 enim
439 4007 608 4071 conspiceret
626 4005 715 4058 locum
736 4005 921 4072 palpebrarum
942 4005 999 4056 eius
1019 4006 1046 4054 in
1066 4003 1164 4066 leonte,
1186 4004 1275 4054 crucis
1294 4006 1330 4054 si-

230 4086 310 4139 gnum
328 4076 449 4127 naturale
469 4077 576 4129 videbat
593 4093 702 4130 recessu
718 4093 784 4129 cavo
804 4077 972 4143 obliquorum
988 4076 1099 4142 partium
1116 4073 1267 4125 absolutum
1286 4091 1331 4126 ac-

233 4151 346 4206 curate,
375 4145 413 4196 ita
430 4155 459 4198 ut
477 4157 587 4213 tropaea
613 4149 702 4202 lereus
722 4149 766 4200 hio
789 4147 965 4214 exoperibus
993 4148 1048 4199 suis
1069 4153 1095 4197 et
1112 4145 1227 4214 signiler
1247 4152 1274 4196 et
1294 4146 1331 4198 di-

235 4213 446 4272 abactionem
476 4218 701 4284 cognosceretur:
732 4219 902 4288 quamobrem
923 4219 1001 4272 ctiam
1026 4231 1117 4274 omnes
1144 4217 1293 4272 adversarii
1310 4221 1333 4268 et
1398 4257 1399 4286 3
