2834 4750
200 217 321 349 ’,ιιι
550 274 771 349 urmrms
787 272 1061 348 aninumr

244 453 448 533 Βλαχδρναις
469 448 628 536 άιάκκορα
653 449 840 535 περιέλαβε,
863 457 908 540 πῇ
940 453 976 516 di
995 451 1054 536 τήν
1074 444 1177 534 άλλην
1198 439 1354 530 άρκτικήν

244 546 451 636 δκιφάνειαν,
475 553 531 618 καί
550 551 735 636 περιεσώθη
758 558 855 634 μέχρι
882 556 1013 634 uallari,
1041 554 1140 617 πᾶσιν
1163 542 1353 631 ἀναφανδόν

147 692 153 702 ·
245 651 552 736 δπικηρυκευόμενον
576 654 757 735 παρουσιάν
778 655 812 715 ἐκ
830 656 887 736 τής
909 649 991 727 ἓώας
1009 652 1152 736 μεγάλης
1172 641 1352 726 δυνάμεως·

242 746 276 813 οἱ
307 751 338 814 δ’
378 751 694 837 ε’πιοτημονικώτερσι
725 755 790 818 τών
813 755 997 836 θεωμένων,
1020 752 1075 817 καὶ
1093 749 1303 831 σνμβολιιιιός
1321 740 1353 809 τό

243 851 319 915 diss
337 852 612 936 ἐπιγινώσκοντες,
644 852 706 917 άπὸ
730 855 858 938 λάμπης
878 857 1050 939 λαμπτῆρα
1081 849 1262 938 φωσφόρον
1282 849 1376 910 ἐπι-5

245 954 388 1039 δημήσαι
409 961 475 1029 τοῖς
497 957 671 1035 βασιλείοις
691 953 937 1039 προεσήμαινον,
959 949 1042 1018 ώστε
1061 950 1266 1038 χρηματίσαι
1289 952 1355 1021 τοῖς

244 1055 305 1136 μὲν
327 1054 462 1135 οἴγαθοίς
480 1051 537 1118 καί
557 1051 596 1118 τά
620 1038 702 1137 όπὲρ
721 1053 823 1118 edred
836 1055 993 1138 φρονοῦσι
1015 1056 1087 1138 φώς
1109 1049 1169 1115 καί
1185 1049 1354 1135 θυμηδίαν

244 1154 300 1218 καί
319 1151 427 1238 χαράν
450 1146 667 1237 σῖνεκλάλητσν,
687 1160 754 1225 τοϊς
777 1155 813 1215 δὲ
835 1153 1018 1217 κατάόιοό
1039 1155 1197 1247 μελετῆσι
1220 1151 1277 1214 κατ’
1299 1148 1355 1210 άν-

242 1256 473 1336 τιταττομδνοις
494 1253 582 1339 crispi
607 1246 712 1338 φλόγα
735 1255 781 1341 api
800 1247 867 1317 όντι
888 1248 989 1337 πυρός
1011 1254 1259 1336 κοτατήκουσσν
1280 1247 1369 1313 τσό-,

244 1375 317 1429 τους
347 1356 401 1437 καί
434 1357 680 1418 κοτοκαίσυσαν.
733 1354 793 1417 καί
805 1377 842 1436 γε
876 1357 932 1437 τῆς
953 1355 1148 1437 συμβολικής
1165 1350 1391 1436 πορρήσεωςιδ

221 1443 286 1516 ὀν’
307 1453 499 1537 διήμαρτον·
543 1455 680 1536 δηλώσει
702 1455 739 1517 δὲ
760 1450 884 1538 προϊών
909 1453 925 1518 δ
948 1453 1048 1537 λόγος.

248 1599 252 1610 .
337 1555 412 1616 ,Τοό
435 1555 471 1617 δὲ
494 1553 672 1636 όκτωβρίου
692 1555 794 1639 μηνός
815 1551 1072 1638 παρεληλυθότος
1093 1549 1298 1637 ώποστοικική
1313 1575 1358 1626 τις

198 1671 220 1690 ·’
245 1653 393 1720 κακόνοια
416 1653 472 1735 τήν
493 1648 631 1736 ἑσπέραν
654 1654 823 1739 αἰφνιδίως
842 1651 1072 1738 περιεδίνησεν.
1115 1656 1162 1727 εἷς
1181 1649 1251 1735 γάρ
1272 1652 1359 1716 'Eue'-

244 1756 386 1835 δαμνον,
419 1751 456 1817 τό
478 1755 536 1816 νόν
559 1758 747 1836 κεκλημένον
774 1753 987 1836 Δυρράχιον,
1020 1750 1079 1836 τήν
1100 1752 1255 1835 δουκικήν
1278 1751 1383 1834 ἔχων·

246 1853 353 1940 οἶρχήν
375 1854 561 1940 Νικηφόρος
590 1855 746 1941 πρόεδρος
773 1849 790 1917 ό
812 1857 1004 1938 Βρνίννιος,
1025 1856 1081 1918 καί
1102 1852 1230 1936 ταύτης
1249 1863 1391 1936 scopeli

188 1995 191 2000 ·
246 1955 379 2036 λυθείς,
401 1957 558 2038 βασιλέως
587 1950 691 2042 ἑαυτῷ
720 1961 911 2039 περιέθηκεν
941 1949 1061 2037 ὄνομα,
1089 1959 1145 2020 καί
1164 1965 1232 2031 τοῖς
1258 1959 1359 2020 ἐκεῖσε

244 2055 456 2143 στρατιώταις
479 2059 535 2119 καί
556 2058 686 2130 όποδοῖς
700 2057 757 2133 καί
776 2052 1029 2141 συστρατιώταις
1049 2054 1256 2143 χρησάμενος
1279 2052 1360 2135 ἔξει-

246 2178 301 2219 σιν
324 2154 448 2220 ἐκεῖθεν
467 2155 547 2240 πρός
563 2155 838 2240 Ἀδριανοόπολιν.
885 2155 902 2218 ό
924 2154 1039 2220 τοότου
1056 2152 1276 2242 ου’τάδελφος,
1296 2159 1360 2222 Ἰω-

245 2254 341 2338 άννης
371 2254 620 2338 ὀνομαζόμενος,
642 2256 732 2334 τινάς
761 2260 823 2322 τών
853 2253 1008 2340 ἑσπερίων
1037 2259 1209 2338 δυνάμεων
1232 2261 1281 2333 εἷς
1301 2256 1358 2339 τήν

246 2354 332 2422 ἰδίαν
362 2353 534 2439 ἐπιβουλήν
565 2356 778 2441 καταρτίσας,
807 2358 882 2440 μεθ’
913 2346 959 2422 niv
984 2350 1068 2441 ήσαν
1090 2355 1278 2442 Βαράγγων
1306 2361 1390 2423 ratu

246 2454 408 2541 Φράγγων
428 2458 537 2542 πλήθη
556 2454 667 2539 πολλά,
691 2460 736 2545 τῷ
757 2459 951 2547 αόταδέλφιρ
965 2460 1145 2524 συνθέσθαι
1165 2462 1354 2543 παρέπαισε,

245 2556 308 2623 σόν
330 2559 439 2634 adroic
463 2562 498 2623 δὲ
517 2561 571 2624 καί
590 2558 646 2623 τόν
668 2558 832 2634 κατεδιώνω
854 2562 908 2644 τῆς
930 2552 1030 2644 αότής
1050 2557 1181 2645 πόλεως,
1202 2562 1355 2644 συγγενέα

326 2734 353 2785 5.
371 2737 499 2807 λοιπτήρσ
518 2735 548 2789 G.
622 2734 664 2787 18.
684 2734 798 2805 δ]ἕνδα
816 2733 853 2788 d‘l
952 2801 954 2804 ρ
1026 2735 1037 2759 ¹

227 2889 337 2935 ,antem
370 2881 552 2949 angustiarum
580 2880 677 2934 lretum
703 2890 886 2952 transgressus
918 2882 962 2933 hic
993 2881 1203 2935 Blachernamm
1227 2883 1356 2951 templum

248 2953 395 3021 euripus,
414 2952 473 3005 illic
498 2952 629 3021 reliquam
644 2954 782 3005 borealem
799 2954 968 3021 superficiem
1000 2962 1028 3005 et
1054 2962 1229 3008 conservatas
1252 2963 1295 3008 cst
1313 2956 1356 3006 din

247 3027 373 3079 omnibus
392 3023 466 3078 clare
484 3026 608 3078 nuntians
626 3026 769 3079 adventum
788 3027 945 3077 exoriente
962 3027 1051 3093 magni
1076 3028 1220 3079 exereitus.
1239 3027 1288 3094 qni
1308 3042 1356 3077 ac·

247 3100 366 3152 curatius
386 3095 584 3165 intelligebant,
604 3112 672 3164 quae
691 3098 824 3162 viderant,
854 3104 882 3147 et
901 3113 935 3148 ex
952 3097 1029 3166 signo
1048 3099 1231 3149 necessariam
1251 3112 1356 3165 cogno.

246 3171 369 3234 *scebant
391 3184 425 3219 cx
443 3168 568 3237 squalore
598 3168 684 3220 lacem
714 3168 848 3220 lucentem
872 3168 906 3218 in
928 3170 1030 3235 regiam
1055 3168 1228 3222 adventuram
1249 3169 1355 3222 divina.

248 3241 322 3306 bant,
340 3249 370 3292 ut
387 3240 465 3291 lieret
483 3239 561 3291 bonis
581 3247 608 3291 ct
626 3240 659 3291 dc
679 3254 712 3291 co
732 3238 911 3308 cogitantibus
932 3238 980 3290 lux
998 3247 1025 3291 et
1042 3239 1165 3292 hilaritas
1185 3248 1213 3290 et
1230 3242 1354 3309 gandium

245 3311 444 3375 inenarrabile,
466 3309 499 3363 iis
519 3319 617 3375 autem,
637 3312 682 3378 qui
709 3320 802 3363 contra
822 3326 881 3361 eum
899 3311 1090 3362 meditarentur
1110 3320 1137 3362 et
1154 3320 1355 3378 opponerentur

250 3386 286 3449 ei,
307 3383 409 3446 damma
428 3396 526 3433 revera
544 3383 615 3450 ignis
640 3381 821 3451 liquefaciens
851 3380 899 3431 hos
920 3389 947 3431 et
972 3381 1149 3451 conflagrans.
1187 3390 1272 3451 atquc
1290 3398 1353 3450 pro.

247 3455 320 3509 iacto
347 3455 375 3505 in
394 3452 543 3531 symbolica
561 3454 746 3520 praedictione
768 3468 824 3505 non
842 3462 981 3505 errarunt:
1011 3455 1082 3522 quod
1101 3453 1251 3507 declarabit
1269 3456 1354 3506 oratio

246 3527 408 3593 precedens.

349 3612 415 3666 eum
434 3618 523 3663 autem
534 3609 651 3663 October
661 3612 760 3664 mensis
779 3612 974 3679 praeteriisset,
994 3613 1134 3664 seditionis
1154 3613 1285 3681 quaedam
1303 3614 1353 3663 im-

249 3685 391 3753 prudentia
415 3684 584 3734 occidentem
609 3691 723 3749 repente
742 3684 887 3735 concussit.
935 3684 1074 3750 Epidamni
1093 3684 1173 3747 enim,
1194 3686 1269 3752 qnod
1284 3699 1353 3734 nnnc

248 3763 362 3808 vocatur
374 3754 580 3821 Dyrrhachium,
600 3754 674 3805 ducis
693 3755 832 3820 imperium
852 3754 953 3805 babens
968 3754 1135 3822 Nicephorus
1154 3770 1268 3822 praeses
1285 3756 1355 3820 Bry-

250 3829 346 3880 ennius
364 3833 445 3895 atque
463 3826 516 3877 hoc
534 3826 652 3889 solutus,
678 3826 752 3893 regis
770 3825 821 3876 sibi
839 3826 967 3892 imposuit
983 3841 1091 3890 nomen,
1117 3834 1145 3877 ct
1161 3827 1200 3878 ibi
1218 3827 1355 3879 versanti-

252 3895 302 3949 bus
321 3897 450 3950 militibus
472 3904 499 3948 et
518 3897 658 3954 comitibus
679 3903 705 3946 et
723 3898 805 3948 sociis
824 3913 888 3949 usus
908 3898 1044 3965 egreditur
1064 3892 1125 3950 inde
1143 3897 1354 3965 Adrianopolin:

253 3966 333 4020 buius
351 3968 442 4033 irater,
462 3968 576 4020 loannes
605 3968 701 4031 dictus,
722 3968 904 4020 occidentales
924 3969 1051 4035 quosdam
1075 3970 1211 4021 exercitus
1228 3971 1264 4021 ad
1280 3984 1356 4021 suum

251 4037 394 4089 consilium
413 4040 557 4103 instruens,
585 4040 655 4090 inter
677 4054 745 4105 quos
774 4047 850 4091 erant
867 4039 1049 4107 Barangorum
1076 4048 1104 4091 et
1121 4040 1289 4109 angornm
1308 4056 1356 4092 co-

251 4108 314 4177 piae
332 4108 496 4175 permultne,
515 4112 563 4175 iis,
582 4119 612 4161 ut
638 4111 714 4163 fratri
734 4113 903 4176 accederent,
922 4113 1066 4178 persuasit,
1088 4127 1203 4180 cumque
1220 4113 1257 4166 iis
1277 4114 1356 4164 etiam

251 4177 391 4250 pnelecto
418 4179 536 4233 eiusdem
561 4181 651 4246 urbis,
676 4184 723 4249 qui
751 4190 881 4250 cognatus
903 4183 983 4238 huius
999 4192 1030 4237 'ct
1054 4182 1212 4241 resumatis
1237 4192 1313 4239 erat:
1331 4190 1358 4235 ct
