2834 4750
217 236 303 324 .le
524 236 744 321 urceum
773 245 1054 317 λτιλιιοτλιι.
1405 238 1407 357 1

227 438 263 479 τε
281 409 337 477 καὶ
355 414 487 477 πόλεων.
531 411 586 477 διά
613 414 716 476 ταῦτά
742 435 793 485 τοιΙ
814 414 869 475 κατ’
895 410 992 491 νόμον
1022 408 1101 489 περὶ
1129 405 1244 469 αὐτῶν
1263 405 1328 468 ἀτι-
1406 404 1407 407 ’

224 511 375 597 γράψατε
398 514 458 597 την
479 510 629 597 τοιαότην
657 517 839 591 πλεονεξίαν
868 514 925 574 κατ’
954 508 1184 591 δεινοπραξίοιν
1217 508 1331 569 διακει-

225 612 350 698 λόοντυ,
376 613 419 688 ώς
439 617 485 688 εἰς
506 611 625 688 πάντας
644 612 720 688 τούς
738 610 922 694 βασιλικοός
946 606 1139 692 ἀνθρώπους
1164 607 1332 691 ὐφέρπου-
1406 686 1407 719 ρ

224 737 285 780 σαν
307 718 361 777 καί
380 723 444 788 τοῖς
467 714 634 794 βασιλεόοι
654 711 711 795 τὴν
728 715 875 776 δουλείοιν
897 710 1141 792 ἀποστερούσαν
1167 710 1234 771 τών
1249 710 1332 770 πλεί-
1406 722 1407 813 γ

225 839 306 881 οταν
325 820 382 880 κατ’
401 816 532 897 ἀγαθοῖν
543 814 669 896 ἀνδρῶν
683 812 774 899 φόβιρ
797 814 852 895 τῆς
876 813 989 893 πικράς
1009 813 1064 873 καί
1078 808 1350 891 βιαστικῆςέπμό
1406 838 1407 915 ρ

226 922 346 992 θέσεως
367 911 492 996 ταότης.
538 917 592 975 καί
610 915 733 995 μηδένα
757 912 879 977 τοότων
900 906 915 972 ὃ
937 907 1105 983 θειότατος
1125 899 1226 983 οὗτος
1246 913 1333 988 βασι·
1406 918 1407 941 ¹

227 1002 311 1091 berlex
332 1014 519 1097 ἐδογμάτισε
553 1011 609 1075 καί
637 1014 805 1077 ἐθέσπισεν
834 1010 899 1076 εἴτε
925 1011 1034 1083 οὐσίας
1066 1009 1254 1093 ἀφαίρεσιν
1280 1007 1333 1072 εἴτε
1406 1014 1407 1071 l

228 1117 405 1199 ἐναλλαγὴν
425 1114 648 1188 καταστάσεως
668 1112 725 1178 εἴτ’
748 1105 844 1196 άλλης
866 1112 935 1177 τινά
956 1112 1076 1195 βλάβης
1086 1114 1147 1175 καί
1170 1107 1335 1183 κακώσεως

229 1219 437 1300 περιπέτειαν,
457 1217 488 1279 εἰ
505 1210 551 1297 μη
576 1215 611 1277 ἐκ
634 1216 822 1294 δοκιμασίας
842 1216 896 1277 καί
919 1208 1120 1295 διαγνώσεως
1151 1213 1214 1275 καί
1235 1212 1336 1290 νόμοις
1406 1274 1407 1299 ρ

229 1317 431 1401 ἡρμοσμένην
462 1339 495 1380 τε
518 1318 573 1379 καί
601 1311 804 1402 συνώδευσαν
828 1312 991 1397 ἀπόφασιν
1017 1307 1243 1406 άπενέγκσιτο.
1290 1309 1372 1372 orl-ld

230 1421 308 1481 κοόν
330 1416 386 1482 καί
414 1414 529 1490 πάντες
562 1417 761 1498 εὐχαρίστως
790 1411 824 1479 τό
853 1416 911 1479 τοῦ
939 1414 1093 1495 δόγματος
1122 1410 1342 1491 ἐννομώτατα
1406 1414 1407 1505 γ

230 1518 286 1581 κατ’
305 1515 508 1579 δικαιότατον
524 1513 554 1578 οἱ
576 1520 630 1600 τῆς
650 1521 822 1594 πολιτείας,
843 1519 898 1579 καί
908 1508 976 1579 όσοι
990 1516 1045 1597 τῆς
1059 1512 1254 1595 συγκλήτου
1268 1516 1343 1593 βου·
1406 1506 1407 1551 i

136 1611 145 1617 “
230 1620 299 1699 λῆς,
321 1616 487 1694 δεξάμενοι
508 1616 561 1679 καί
581 1616 811 1697 ἀποδεξάμενοι
832 1620 891 1701 (εἰς
915 1618 1047 1699 ἐπήκοον
1070 1614 1135 1698 γάρ
1157 1616 1343 1697 ἀνεγνώσθη
1406 1614 1407 1621 '

234 1718 375 1800 πάντων)
400 1714 543 1789 πολλοῖς
556 1717 732 1800 εὐφημίαις
755 1720 809 1781 καί
831 1718 955 1799 κρότοις
976 1714 1029 1779 τόν
1041 1714 1185 1799 εὐρετῆν
1194 1720 1266 1781 ταῖν
1276 1723 1346 1780 καλ-

232 1796 345 1883 λίστών
366 1818 421 1881 καί
437 1814 659 1900 ἐλευθερωτήν
681 1820 745 1880 τών
768 1816 947 1899 ἀνθρώπων
968 1818 1125 1899 ἐτίμησάν
1151 1842 1191 1879 τε
1216 1823 1278 1881 κατ’
1292 1811 1374 1897 alp-lb

232 1941 331 2001 νησον
352 1916 395 1993 τός
420 1916 474 1980 καί
494 1916 598 1980 κοινόν
622 1918 788 2001 εὐεργέτην
818 1910 893 1982 όντα
921 1924 985 1991 τοίς
1012 1924 1126 2007 κοινοῖς
1158 1922 1345 2002 παραγγέλ-

230 2042 311 2099 μασι
334 2020 389 2082 καί
410 2017 618 2098 θεσπίσμασι,
640 2021 695 2080 καί
715 2020 781 2103 ἰδίη
791 2017 912 2092 πάντας
934 2017 1011 2082 κατά
1036 2015 1071 2081 τό
1086 2012 1232 2101 συνεχές
1258 2024 1343 2083 ἐπεο-

233 2118 422 2204 φραίνοντα,
445 2121 499 2183 κατ’
516 2118 556 2183 τά
580 2121 679 2184 οἰκεῖα
700 2117 914 2200 χαριζόμενον
935 2123 1052 2183 δίκαια.
1095 2118 1247 2195 πολλούς
1272 2118 1344 2205 γάρ,
1406 2110 1407 2191 f

231 2222 354 2299 μάλλον
382 2221 418 2281 δὲ
448 2212 613 2299 ἅπαντας,
641 2229 709 2292 ταῖς
741 2224 1027 2307 προαφηρημέναις
1055 2221 1182 2285 τούτων
1222 2223 1345 2295 οὐσάιις
1406 2242 1407 2297 t

233 2318 480 2406 ἀποκατέστησε,
501 2325 555 2386 καί
574 2321 711 2385 κάθοδον
733 2321 841 2385 αὐτῶν
867 2320 900 2400 ἐξ
927 2318 1106 2405 ὐπεροριών
1130 2320 1377 2409 έιμηφάτατο,λδ
1406 2304 1407 2378 l

236 2420 291 2484 καί
311 2427 474 2501 κειμένους
497 2417 558 2507 ἤδη
579 2422 634 2486 καί
663 2427 857 2503 τεθυμένους
879 2423 1023 2509 ἐζώωσε,
1054 2423 1108 2487 καί
1139 2424 1248 2509 πνοὴν
1282 2429 1345 2491 ἐνέ-
1406 2445 1407 2454 ³

232 2545 365 2588 πνευσεν
386 2514 422 2606 ἧς
435 2523 468 2592 τό
494 2525 636 2606 πρόσθεν
657 2526 834 2608 ἐστέρηντο.

332 2643 402 2706 Καί
421 2643 454 2705 τί
470 2639 534 2724 χρη
555 2640 595 2706 τά
619 2641 719 2707 πολλά
741 2626 861 2726 λέγεινς
884 2642 914 2720 ,εἰ
936 2643 1041 2720 πάσας
1058 2643 1136 2708 κατά
1159 2648 1266 2729 μέρος
1289 2645 1345 2718 τάς

233 2737 348 2803 τοότου
368 2742 600 2824 μεγαλουργίας
622 2741 842 2830 ἀναγρόπτους
865 2752 965 2809 ποιεῖν
986 2741 1216 2827 ἐπιβάλλοιμι,
1235 2741 1346 2828 ὅμοιος

303 2924 330 2978 6.
349 2922 491 2999 μηδενόςῗ
562 2955 567 2962 -

231 3099 447 3167 persecutionem
466 3099 543 3151 lianc.
587 3110 667 3168 atque
685 3103 817 3152 neminem
842 3101 936 3153 horum
955 3102 1066 3154 maxime
1092 3105 1200 3156 divinus
1229 3105 1277 3157 hic
1297 3123 1347 3158 rex

231 3171 389 3223 diiudicarit
404 3187 494 3239 neque
514 3174 656 3238 imperavit
679 3173 738 3224 sive
755 3173 884 3224 bonorum
905 3176 1069 3240 ereptionem
1085 3177 1143 3228 sive
1163 3180 1346 3230 mutationem
1406 3205 1407 3238 ς

232 3243 397 3296 conditionis
416 3243 475 3294 sive
506 3244 579 3295 alind
598 3245 684 3295 damni
705 3252 731 3295 et
751 3245 908 3297 calamitatis
927 3247 1088 3310 discrimen,
1108 3248 1160 3297 nisi
1180 3265 1211 3298 re
1237 3253 1344 3302 exarui.

232 3322 295 3366 nata
314 3322 341 3364 et
359 3314 503 3365 diiudicata
520 3324 545 3377 et
558 3314 665 3383 legibus
684 3317 905 3368 accommodatam
924 3325 949 3367 et
968 3320 1155 3369 concinentem
1176 3324 1343 3373 sententiam

155 3452 157 3457 Ι
235 3386 381 3451 acciperet.
403 3400 467 3452 ergo
489 3388 566 3437 etiam
587 3401 678 3438 omnes
698 3396 774 3455 grato
794 3389 881 3439 animo
902 3389 1036 3440 decretum
1056 3388 1168 3441 maxime
1187 3391 1343 3460 legitimum
1406 3457 1407 3462 η

235 3465 262 3509 et
279 3459 378 3509 iustrnn
404 3457 477 3508 cives
504 3466 530 3508 et
554 3466 694 3510 senatores
721 3461 883 3525 accipientes
911 3468 937 3510 et
955 3461 1119 3526 recipientes
1140 3465 1248 3529 (coram
1271 3467 1343 3517 enirn
1406 3469 1407 3504 ι

235 3527 355 3580 omnibus
374 3529 513 3579 recitatum
533 3533 586 3597 est)
607 3529 696 3582 multis
715 3530 837 3582 laudibus
859 3537 885 3580 et
905 3530 1063 3583 clamoribus
1084 3535 1257 3586 inventorem
1276 3536 1343 3603 pul.
1406 3553 1407 3584 1

235 3599 426 3650 cherrimorum
453 3607 479 3649 et
501 3599 674 3651 liberatorem
703 3601 838 3653 hominum
865 3602 1030 3655 honorarunt
1055 3604 1283 3675 celebraruntque
1313 3618 1342 3660 ut

235 3672 280 3740 qui
300 3679 327 3722 et
345 3670 453 3739 publice
472 3670 609 3742 beneficus
630 3681 701 3724 esset
726 3674 907 3725 communibus
927 3674 1007 3727 iussis
1029 3685 1056 3727 et
1074 3677 1179 3742 edictis,
1199 3686 1226 3729 et
1242 3681 1342 3745 priva.

236 3751 278 3794 tos
297 3757 389 3794 omnes
416 3751 546 3809 perpetuo
577 3744 757 3810 exhilararet,
783 3753 810 3796 ct
835 3746 979 3798 domestica
1008 3747 1119 3799 donaret
1137 3750 1211 3801 iura:
1242 3752 1341 3804 multos
1406 3769 1407 3804 ι

236 3814 316 3878 enim,
335 3814 472 3882 magisque
493 3829 583 3867 omnes
603 3817 631 3866 in
649 3815 720 3867 bona
734 3824 811 3868 antea
831 3825 923 3884 erepta
935 3820 1053 3869 restituit
1068 3828 1093 3871 ct
1111 3822 1227 3872 reditum
1249 3839 1342 3876 eorum

237 3900 271 3935 ex
290 3886 386 3940 exsilio
406 3887 526 3938 decrevit
548 3895 575 3938 ct
597 3888 715 3940 iacentes
735 3890 785 3939 iam
806 3897 832 3938 et
850 3889 999 3952 immolatos
1018 3893 1190 3944 resuscitavit
1210 3902 1240 3946 et
1258 3898 1343 3964 spiri.

236 3960 291 4006 turn
310 3957 422 4022 inflavit,
443 3973 495 4026 quo
515 3965 593 4010 antea
610 3961 708 4026 privati
729 3967 811 4011 erant.

335 4052 422 4121 Atque
442 4055 505 4123 quid
525 4061 632 4121 oportet
650 4055 732 4106 multa
750 4054 861 4108 dicere?
885 4058 908 4110 si
928 4059 1015 4110 omnia
1034 4059 1160 4126 deinceps
1181 4060 1264 4114 huius
1283 4080 1342 4116 ma-

163 4118 164 4125 ’
236 4136 290 4194 gna
309 4121 379 4174 lacta
397 4125 550 4179 describere
569 4127 836 4195 suseipiamssimilis
857 4142 903 4180 ero
924 4131 974 4195 iis,
994 4131 1039 4198 qui
1068 4129 1224 4186 atlanticum
1244 4134 1343 4189 volunt
1406 4159 1407 4162 ¹
