<?xml version="1.0" encoding="UTF-8"?>
<!DOCTYPE html PUBLIC "-//W3C//DTD XHTML 1.0 Transitional//EN"
    "http://www.w3.org/TR/xhtml1/DTD/xhtml1-transitional.dtd">
<html xmlns="http://www.w3.org/1999/xhtml" xml:lang="en" lang="en">
 <head>
  <title>
</title>
<meta http-equiv="Content-Type" content="text/html;charset=utf-8" />
  <meta name='ocr-system' content='tesseract 3.04.00' />
  <meta name='ocr-capabilities' content='ocr_page ocr_carea ocr_par ocr_line ocrx_word'/>
</head>
<body>
  <div class='ocr_page' id='page_1' title='image "./corpusscriptoru24theogoog/corpusscriptoru24theogoog_0238.png"; bbox 0 0 2834 4750; ppageno 0'>
   <div class='ocr_carea' id='block_1_1' title="bbox 244 305 1053 384">
    <p class='ocr_par' dir='ltr' id='par_1_1' title="bbox 244 305 1053 384">
     <span class='ocr_line' id='line_1_1' title="bbox 244 305 1053 384; baseline 0.002 -4"><span class='ocrx_word' id='word_1_1' title='bbox 244 305 319 382; x_wconf 79' lang='lat'><strong>202</strong></span> <span class='ocrx_word' id='word_1_2' title='bbox 546 309 765 384; x_wconf 68' lang='lat' dir='ltr'><strong>torculata</strong></span> <span class='ocrx_word' id='word_1_3' title='bbox 793 309 1053 382; x_wconf 66' lang='lat' dir='ltr'><strong>anactoria</strong></span> 
     </span>
    </p>
   </div>
   <div class='ocr_carea' id='block_1_2' title="bbox 171 464 1387 2379">
    <p class='ocr_par' dir='ltr' id='par_1_2' title="bbox 171 464 1387 2379">
     <span class='ocr_line' id='line_1_2' title="bbox 244 464 1364 569; baseline -0.002 -21"><span class='ocrx_word' id='word_1_4' title='bbox 244 481 395 566; x_wconf 76' lang='grc' dir='ltr'><strong><em>σαπρὸς</em></strong></span> <span class='ocrx_word' id='word_1_5' title='bbox 418 484 473 550; x_wconf 86' lang='grc' dir='ltr'><strong><em>τὸν</em></strong></span> <span class='ocrx_word' id='word_1_6' title='bbox 495 482 689 568; x_wconf 77' lang='grc' dir='ltr'><strong><em>βουλόμενον</em></strong></span> <span class='ocrx_word' id='word_1_7' title='bbox 704 484 760 549; x_wconf 83' lang='grc' dir='ltr'><strong>καί</strong></span> <span class='ocrx_word' id='word_1_8' title='bbox 781 482 955 569; x_wconf 68' lang='lat' dir='ltr'><strong>enatam,</strong></span> <span class='ocrx_word' id='word_1_9' title='bbox 974 484 1029 550; x_wconf 85' lang='grc' dir='ltr'><strong><em>καί</em></strong></span> <span class='ocrx_word' id='word_1_10' title='bbox 1048 475 1152 568; x_wconf 65' lang='lat' dir='ltr'><strong>citroq</strong></span> <span class='ocrx_word' id='word_1_11' title='bbox 1169 464 1288 548; x_wconf 72' lang='grc' dir='ltr'><strong><em>ὁδεύει</em></strong></span> <span class='ocrx_word' id='word_1_12' title='bbox 1311 483 1364 547; x_wconf 80' lang='grc' dir='ltr'><strong>διδ</strong></span> 
     </span>
     <span class='ocr_line' id='line_1_3' title="bbox 243 579 1365 672; baseline -0.002 -24"><span class='ocrx_word' id='word_1_13' title='bbox 243 579 369 648; x_wconf 71' lang='grc' dir='ltr'><strong><em>πόντιον</em></strong></span> <span class='ocrx_word' id='word_1_14' title='bbox 380 581 415 648; x_wconf 74' lang='lat' dir='ltr'><strong>td</strong></span> <span class='ocrx_word' id='word_1_15' title='bbox 433 584 555 668; x_wconf 79' lang='grc' dir='ltr'><strong><em>α’γαθόν</em></strong></span> <span class='ocrx_word' id='word_1_16' title='bbox 576 591 632 670; x_wconf 75' lang='grc' dir='ltr'><strong>τῆς</strong></span> <span class='ocrx_word' id='word_1_17' title='bbox 656 587 826 671; x_wconf 80' lang='grc' dir='ltr'><strong><em>ου’θηνίας,</em></strong></span> <span class='ocrx_word' id='word_1_18' title='bbox 854 585 1019 671; x_wconf 75' lang='grc' dir='ltr'><strong><em>φθονήσας</em></strong></span> <span class='ocrx_word' id='word_1_19' title='bbox 1039 589 1094 668; x_wconf 73' lang='grc' dir='ltr'><strong>τῆς</strong></span> <span class='ocrx_word' id='word_1_20' title='bbox 1114 585 1298 668; x_wconf 78' lang='grc' dir='ltr'><strong><em>εδετηρίας</em></strong></span> <span class='ocrx_word' id='word_1_21' title='bbox 1322 587 1365 672; x_wconf 70' lang='grc' dir='ltr'><strong>τῷ</strong></span> 
     </span>
     <span class='ocr_line' id='line_1_4' title="bbox 244 679 1362 774; baseline 0.001 -27"><span class='ocrx_word' id='word_1_22' title='bbox 244 681 350 774; x_wconf 77' lang='grc' dir='ltr'><strong><em>κόσμῳ</em></strong></span> <span class='ocrx_word' id='word_1_23' title='bbox 371 684 539 770; x_wconf 79' lang='grc' dir='ltr'><strong><em>φοδνδανα</em></strong></span> <span class='ocrx_word' id='word_1_24' title='bbox 560 687 648 760; x_wconf 77' lang='grc' dir='ltr'><strong><em>ἐκτὸς</em></strong></span> <span class='ocrx_word' id='word_1_25' title='bbox 669 688 727 751; x_wconf 78' lang='grc' dir='ltr'><strong><em>του</em></strong></span> <span class='ocrx_word' id='word_1_26' title='bbox 748 679 856 762; x_wconf 71' lang='grc' dir='ltr'><strong><em>ἄστεος</em></strong></span> <span class='ocrx_word' id='word_1_27' title='bbox 876 683 1117 769; x_wconf 80' lang='grc' dir='ltr'><strong><em>ὅπαγκοίκιστος</em></strong></span> <span class='ocrx_word' id='word_1_28' title='bbox 1138 686 1362 766; x_wconf 74' lang='grc' dir='ltr'><strong>ἐποικοδομεῖ,</strong></span> 
     </span>
     <span class='ocr_line' id='line_1_5' title="bbox 244 782 1363 878; baseline -0.005 -26"><span class='ocrx_word' id='word_1_29' title='bbox 244 785 304 852; x_wconf 71' lang='lat' dir='ltr'><strong>adv</strong></span> <span class='ocrx_word' id='word_1_30' title='bbox 324 785 424 878; x_wconf 77' lang='lat' dir='ltr'><strong>roe&#39;rp</strong></span> <span class='ocrx_word' id='word_1_31' title='bbox 446 790 722 873; x_wconf 71' lang='grc' dir='ltr'><strong><em>συναθροίζεσθαι</em></strong></span> <span class='ocrx_word' id='word_1_32' title='bbox 741 782 805 865; x_wconf 74' lang='grc' dir='ltr'><strong>τὰς’</strong></span> <span class='ocrx_word' id='word_1_33' title='bbox 824 785 950 868; x_wconf 74' lang='grc' dir='ltr'><strong><em>αἱμάξας</em></strong></span> <span class='ocrx_word' id='word_1_34' title='bbox 979 788 1180 870; x_wconf 75' lang='grc' dir='ltr'><strong><em>ἐπισκήπτει,</em></strong></span> <span class='ocrx_word' id='word_1_35' title='bbox 1202 788 1363 871; x_wconf 70' lang='grc' dir='ltr'><strong><em>βασιλικῷ</em></strong></span> 
     </span>
     <span class='ocr_line' id='line_1_6' title="bbox 217 883 1383 980; baseline -0.003 -26"><span class='ocrx_word' id='word_1_36' title='bbox 217 917 220 922; x_wconf 92' lang='grc'><strong><em>·</em></strong></span> <span class='ocrx_word' id='word_1_37' title='bbox 243 884 406 973; x_wconf 74' lang='grc' dir='ltr'><strong><em>γρίμματι</em></strong></span> <span class='ocrx_word' id='word_1_38' title='bbox 428 891 523 980; x_wconf 77' lang='grc' dir='ltr'><strong><em>τοῦτο</em></strong></span> <span class='ocrx_word' id='word_1_39' title='bbox 541 890 779 970; x_wconf 77' lang='grc' dir='ltr'><strong><em>διορισάμενος·</em></strong></span> <span class='ocrx_word' id='word_1_40' title='bbox 823 893 880 954; x_wconf 77' lang='grc' dir='ltr'><strong>καί</strong></span> <span class='ocrx_word' id='word_1_41' title='bbox 890 883 1084 969; x_wconf 71' lang='grc' dir='ltr'><strong><em>μονοπώλιον</em></strong></span> <span class='ocrx_word' id='word_1_42' title='bbox 1101 888 1238 971; x_wconf 78' lang='grc' dir='ltr'><strong><em>τίθησιν</em></strong></span> <span class='ocrx_word' id='word_1_43' title='bbox 1261 887 1306 960; x_wconf 85' lang='grc' dir='ltr'><strong><em>είς</em></strong></span> <span class='ocrx_word' id='word_1_44' title='bbox 1326 885 1383 950; x_wconf 79' lang='grc' dir='ltr'><strong>τὸ5</strong></span> 
     </span>
     <span class='ocr_line' id='line_1_7' title="bbox 243 985 1358 1075; baseline -0.003 -21"><span class='ocrx_word' id='word_1_45' title='bbox 243 987 487 1072; x_wconf 69' lang='grc' dir='ltr'><strong><em>ἀναγκαιότατον</em></strong></span> <span class='ocrx_word' id='word_1_46' title='bbox 510 992 642 1074; x_wconf 76' lang='grc' dir='ltr'><strong><em>χρῆμα,</em></strong></span> <span class='ocrx_word' id='word_1_47' title='bbox 670 988 725 1053; x_wconf 80' lang='grc' dir='ltr'><strong><em>τὸν</em></strong></span> <span class='ocrx_word' id='word_1_48' title='bbox 758 998 863 1075; x_wconf 82' lang='grc' dir='ltr'><strong><em>σῖτον,</em></strong></span> <span class='ocrx_word' id='word_1_49' title='bbox 894 989 1029 1072; x_wconf 85' lang='grc' dir='ltr'><strong><em>μηδενὸς</em></strong></span> <span class='ocrx_word' id='word_1_50' title='bbox 1049 991 1240 1066; x_wconf 75' lang='grc' dir='ltr'><strong><em>δυναμένου</em></strong></span> <span class='ocrx_word' id='word_1_51' title='bbox 1270 989 1302 1051; x_wconf 80' lang='grc' dir='ltr'><strong><em>εί</em></strong></span> <span class='ocrx_word' id='word_1_52' title='bbox 1317 985 1358 1068; x_wconf 72' lang='grc' dir='ltr'><strong>μὴ</strong></span> 
     </span>
     <span class='ocr_line' id='line_1_8' title="bbox 245 1087 1362 1176; baseline -0.004 -22"><span class='ocrx_word' id='word_1_53' title='bbox 245 1087 307 1154; x_wconf 80' lang='grc' dir='ltr'><strong>αἀδ</strong></span> <span class='ocrx_word' id='word_1_54' title='bbox 330 1093 389 1156; x_wconf 77' lang='grc' dir='ltr'><strong><em>τοῦ</em></strong></span> <span class='ocrx_word' id='word_1_55' title='bbox 418 1087 594 1174; x_wconf 78' lang='grc' dir='ltr'><strong><em>φοδνδακος</em></strong></span> <span class='ocrx_word' id='word_1_56' title='bbox 616 1088 857 1175; x_wconf 76' lang='grc' dir='ltr'><strong><em>ἐξωνήσασθαι,</em></strong></span> <span class='ocrx_word' id='word_1_57' title='bbox 881 1089 1060 1176; x_wconf 79' lang='grc' dir='ltr'><strong><em>φοδνδακος</em></strong></span> <span class='ocrx_word' id='word_1_58' title='bbox 1086 1092 1142 1153; x_wconf 77' lang='grc' dir='ltr'><strong><em>τοῦ</em></strong></span> <span class='ocrx_word' id='word_1_59' title='bbox 1166 1089 1294 1155; x_wconf 79' lang='grc' dir='ltr'><strong><em>δολίου,</em></strong></span> <span class='ocrx_word' id='word_1_60' title='bbox 1310 1090 1362 1150; x_wconf 84' lang='grc' dir='ltr'><strong>καί</strong></span> 
     </span>
     <span class='ocr_line' id='line_1_9' title="bbox 244 1180 1361 1274; baseline -0.004 -20"><span class='ocrx_word' id='word_1_61' title='bbox 244 1188 477 1270; x_wconf 74' lang='grc' dir='ltr'><strong><em>δαιμονιδδους</em></strong></span> <span class='ocrx_word' id='word_1_62' title='bbox 506 1187 690 1274; x_wconf 76' lang='grc' dir='ltr'><strong><em>πράγματος</em></strong></span> <span class='ocrx_word' id='word_1_63' title='bbox 722 1189 776 1254; x_wconf 80' lang='grc' dir='ltr'><strong>καί</strong></span> <span class='ocrx_word' id='word_1_64' title='bbox 804 1191 964 1272; x_wconf 82' lang='grc' dir='ltr'><strong><em>ὀνόματος.</em></strong></span> <span class='ocrx_word' id='word_1_65' title='bbox 1019 1193 1052 1267; x_wconf 81' lang='grc' dir='ltr'><strong>ἐξ</strong></span> <span class='ocrx_word' id='word_1_66' title='bbox 1080 1180 1120 1251; x_wconf 80' lang='grc' dir='ltr'><strong><em>οὗ</em></strong></span> <span class='ocrx_word' id='word_1_67' title='bbox 1147 1186 1218 1268; x_wconf 79' lang='grc' dir='ltr'><strong>γὰρ</strong></span> <span class='ocrx_word' id='word_1_68' title='bbox 1245 1185 1361 1262; x_wconf 75' lang='grc' dir='ltr'><strong><em>ἐκεῖνος</em></strong></span> 
     </span>
     <span class='ocr_line' id='line_1_10' title="bbox 171 1280 1358 1378; baseline -0.002 -25"><span class='ocrx_word' id='word_1_69' title='bbox 171 1310 175 1319; x_wconf 93' lang='grc'><strong><em>·</em></strong></span> <span class='ocrx_word' id='word_1_70' title='bbox 243 1289 363 1374; x_wconf 62' lang='lat' dir='ltr'><strong>dudm,</strong></span> <span class='ocrx_word' id='word_1_71' title='bbox 393 1289 413 1370; x_wconf 82' lang='grc' dir='ltr'><strong><em>ἡ</em></strong></span> <span class='ocrx_word' id='word_1_72' title='bbox 435 1290 568 1375; x_wconf 70' lang='grc' dir='ltr'><strong><em>εδθηνία</em></strong></span> <span class='ocrx_word' id='word_1_73' title='bbox 591 1292 654 1354; x_wconf 75' lang='lat' dir='ltr'><strong>udo</strong></span> <span class='ocrx_word' id='word_1_74' title='bbox 675 1290 797 1355; x_wconf 81' lang='grc' dir='ltr'><strong><em>πόλεων</em></strong></span> <span class='ocrx_word' id='word_1_75' title='bbox 818 1280 940 1378; x_wconf 73' lang='grc' dir='ltr'><strong><em>ᾤχετο,</em></strong></span> <span class='ocrx_word' id='word_1_76' title='bbox 960 1291 1014 1356; x_wconf 82' lang='grc' dir='ltr'><strong>καί</strong></span> <span class='ocrx_word' id='word_1_77' title='bbox 1034 1290 1053 1372; x_wconf 83' lang='grc' dir='ltr'><em>ἦ</em></span> <span class='ocrx_word' id='word_1_78' title='bbox 1075 1291 1132 1353; x_wconf 78' lang='grc' dir='ltr'><strong><em>τοῦ</em></strong></span> <span class='ocrx_word' id='word_1_79' title='bbox 1152 1292 1269 1352; x_wconf 67' lang='grc' dir='ltr'><strong>θείουΙ</strong></span> <span class='ocrx_word' id='word_1_80' title='bbox 1288 1287 1358 1369; x_wconf 68' lang='grc' dir='ltr'><strong>δργρ1</strong></span> 
     </span>
     <span class='ocr_line' id='line_1_11' title="bbox 242 1382 1387 1474; baseline -0.005 -18"><span class='ocrx_word' id='word_1_81' title='bbox 242 1389 282 1456; x_wconf 79' lang='grc' dir='ltr'><strong>τὰ</strong></span> <span class='ocrx_word' id='word_1_82' title='bbox 304 1387 569 1472; x_wconf 59' lang='lat' dir='ltr'><strong>ont‘Papaovc</strong></span> <span class='ocrx_word' id='word_1_83' title='bbox 598 1388 753 1472; x_wconf 80' lang='grc' dir='ltr'><strong><em>μειζόνως</em></strong></span> <span class='ocrx_word' id='word_1_84' title='bbox 781 1395 964 1474; x_wconf 77' lang='grc' dir='ltr'><strong><em>κατέλαβεν.</em></strong></span> <span class='ocrx_word' id='word_1_85' title='bbox 1006 1390 1045 1454; x_wconf 81' lang='grc' dir='ltr'><strong><em>οδ</em></strong></span> <span class='ocrx_word' id='word_1_86' title='bbox 1073 1382 1307 1473; x_wconf 54' lang='grc' dir='ltr'><strong><em>γάρ,,ὡ’σπερ</em></strong></span> <span class='ocrx_word' id='word_1_87' title='bbox 1328 1387 1387 1451; x_wconf 66' lang='lat' dir='ltr'><strong>sto</strong></span> 
     </span>
     <span class='ocr_line' id='line_1_12' title="bbox 244 1481 1359 1581; baseline -0.004 -27"><span class='ocrx_word' id='word_1_88' title='bbox 244 1488 397 1572; x_wconf 84' lang='grc' dir='ltr'><strong><em>πρότερον</em></strong></span> <span class='ocrx_word' id='word_1_89' title='bbox 417 1481 465 1572; x_wconf 78' lang='grc' dir='ltr'><strong><em>ἦν,</em></strong></span> <span class='ocrx_word' id='word_1_90' title='bbox 486 1489 501 1553; x_wconf 83' lang='grc' dir='ltr'>ὁ</span> <span class='ocrx_word' id='word_1_91' title='bbox 523 1487 713 1572; x_wconf 83' lang='grc' dir='ltr'><strong><em>βουλόμενος</em></strong></span> <span class='ocrx_word' id='word_1_92' title='bbox 741 1493 884 1581; x_wconf 75' lang='grc' dir='ltr'><strong><em>ἕξωνεῖτρ</em></strong></span> <span class='ocrx_word' id='word_1_93' title='bbox 906 1491 961 1556; x_wconf 80' lang='grc' dir='ltr'><strong><em>τὸν</em></strong></span> <span class='ocrx_word' id='word_1_94' title='bbox 991 1498 1079 1579; x_wconf 69' lang='grc' dir='ltr'><strong><em>σῖρον</em></strong></span> <span class='ocrx_word' id='word_1_95' title='bbox 1109 1489 1168 1553; x_wconf 80' lang='grc' dir='ltr'><strong>καί</strong></span> <span class='ocrx_word' id='word_1_96' title='bbox 1193 1485 1284 1568; x_wconf 78' lang='grc' dir='ltr'><strong><em>μετὰ</em></strong></span> <span class='ocrx_word' id='word_1_97' title='bbox 1309 1487 1359 1552; x_wconf 72' lang='lat' dir='ltr'><strong>rod</strong></span> 
     </span>
     <span class='ocr_line' id='line_1_13' title="bbox 244 1587 1356 1678; baseline 0 -26"><span class='ocrx_word' id='word_1_98' title='bbox 244 1591 423 1664; x_wconf 78' lang='grc' dir='ltr'><strong><em>πουλυδντος</em></strong></span> <span class='ocrx_word' id='word_1_99' title='bbox 444 1587 645 1676; x_wconf 67' lang='lat' dir='ltr'><strong>avaritiam,</strong></span> <span class='ocrx_word' id='word_1_100' title='bbox 667 1597 722 1655; x_wconf 81' lang='grc' dir='ltr'><strong>καί</strong></span> <span class='ocrx_word' id='word_1_101' title='bbox 741 1592 774 1655; x_wconf 89' lang='grc' dir='ltr'><strong><em>εἴ</em></strong></span> <span class='ocrx_word' id='word_1_102' title='bbox 790 1615 847 1672; x_wconf 86' lang='grc' dir='ltr'><strong><em>περ</em></strong></span> <span class='ocrx_word' id='word_1_103' title='bbox 879 1591 923 1674; x_wconf 79' lang='grc' dir='ltr'><strong>μὴ</strong></span> <span class='ocrx_word' id='word_1_104' title='bbox 946 1589 980 1656; x_wconf 70' lang='grc' dir='ltr'><strong><em>ἐν</em></strong></span> <span class='ocrx_word' id='word_1_105' title='bbox 1001 1593 1080 1678; x_wconf 76' lang='grc' dir='ltr'><strong><em>τῷδε</em></strong></span> <span class='ocrx_word' id='word_1_106' title='bbox 1101 1593 1145 1674; x_wconf 80' lang='grc' dir='ltr'><strong>τῷ</strong></span> <span class='ocrx_word' id='word_1_107' title='bbox 1168 1594 1356 1676; x_wconf 78' lang='grc' dir='ltr'><strong><em>κατατοπίρ</em></strong></span> 
     </span>
     <span class='ocr_line' id='line_1_14' title="bbox 245 1687 1359 1774; baseline -0.003 -19"><span class='ocrx_word' id='word_1_108' title='bbox 245 1691 411 1774; x_wconf 78' lang='grc' dir='ltr'><strong><em>ἠρέσκετο,</em></strong></span> <span class='ocrx_word' id='word_1_109' title='bbox 439 1695 622 1772; x_wconf 74' lang='grc' dir='ltr'><strong><em>μετέβαινεν</em></strong></span> <span class='ocrx_word' id='word_1_110' title='bbox 648 1694 694 1766; x_wconf 84' lang='grc' dir='ltr'><strong><em>εἰς</em></strong></span> <span class='ocrx_word' id='word_1_111' title='bbox 723 1692 759 1757; x_wconf 75' lang='lat' dir='ltr'><strong>‘td</strong></span> <span class='ocrx_word' id='word_1_112' title='bbox 782 1687 859 1757; x_wconf 77' lang='grc' dir='ltr'><strong><em>ἄλλο</em></strong></span> <span class='ocrx_word' id='word_1_113' title='bbox 889 1696 944 1756; x_wconf 78' lang='grc' dir='ltr'><strong>καί</strong></span> <span class='ocrx_word' id='word_1_114' title='bbox 971 1687 1069 1766; x_wconf 70' lang='grc' dir='ltr'><strong><em>αὖθις</em></strong></span> <span class='ocrx_word' id='word_1_115' title='bbox 1088 1693 1135 1765; x_wconf 85' lang='grc' dir='ltr'><strong><em>εἰς</em></strong></span> <span class='ocrx_word' id='word_1_116' title='bbox 1157 1692 1290 1774; x_wconf 76' lang='grc' dir='ltr'><strong><em>ἕτερον,</em></strong></span> <span class='ocrx_word' id='word_1_117' title='bbox 1309 1687 1359 1752; x_wconf 75' lang='grc' dir='ltr'><strong>καί</strong></span> 
     </span>
     <span class='ocr_line' id='line_1_15' title="bbox 242 1787 1355 1876; baseline -0.005 -18"><span class='ocrx_word' id='word_1_118' title='bbox 242 1789 307 1858; x_wconf 81' lang='grc' dir='ltr'><strong>α’πὸ</strong></span> <span class='ocrx_word' id='word_1_119' title='bbox 340 1791 562 1873; x_wconf 52' lang='lat' dir='ltr'><strong>redo-duobis·</strong></span> <span class='ocrx_word' id='word_1_120' title='bbox 592 1793 611 1876; x_wconf 84' lang='grc' dir='ltr'><em>ἦ</em></span> <span class='ocrx_word' id='word_1_121' title='bbox 640 1794 757 1875; x_wconf 78' lang='grc' dir='ltr'><strong><em>πρᾶσις</em></strong></span> <span class='ocrx_word' id='word_1_122' title='bbox 787 1793 921 1876; x_wconf 73' lang='grc' dir='ltr'><strong><em>ἐγίνετο·</em></strong></span> <span class='ocrx_word' id='word_1_123' title='bbox 973 1787 1041 1856; x_wconf 77' lang='grc' dir='ltr'><strong><em>ἀλλ’</em></strong></span> <span class='ocrx_word' id='word_1_124' title='bbox 1070 1792 1292 1876; x_wconf 85' lang='grc' dir='ltr'><strong><em>εἰσερχόμενα</em></strong></span> <span class='ocrx_word' id='word_1_125' title='bbox 1322 1792 1355 1856; x_wconf 82' lang='grc' dir='ltr'><strong>τδ</strong></span> 
     </span>
     <span class='ocr_line' id='line_1_16' title="bbox 243 1887 1386 1980; baseline -0.006 -22"><span class='ocrx_word' id='word_1_126' title='bbox 243 1892 382 1978; x_wconf 66' lang='grc' dir='ltr'><strong><em>γεώργια</em></strong></span> <span class='ocrx_word' id='word_1_127' title='bbox 415 1895 448 1957; x_wconf 76' lang='grc' dir='ltr'><strong><em>ἐν</em></strong></span> <span class='ocrx_word' id='word_1_128' title='bbox 472 1896 510 1980; x_wconf 82' lang='grc' dir='ltr'><strong>τῇ</strong></span> <span class='ocrx_word' id='word_1_129' title='bbox 525 1895 580 1958; x_wconf 79' lang='grc' dir='ltr'><strong><em>τοῦ</em></strong></span> <span class='ocrx_word' id='word_1_130' title='bbox 603 1893 783 1979; x_wconf 79' lang='grc' dir='ltr'><strong><em>φούνδακος</em></strong></span> <span class='ocrx_word' id='word_1_131' title='bbox 811 1891 918 1980; x_wconf 74' lang='grc' dir='ltr'><strong><em>εἱρκτῇ</em></strong></span> <span class='ocrx_word' id='word_1_132' title='bbox 945 1893 1079 1965; x_wconf 79' lang='grc' dir='ltr'><strong><em>σιτώνας</em></strong></span> <span class='ocrx_word' id='word_1_133' title='bbox 1101 1887 1192 1973; x_wconf 85' lang='grc' dir='ltr'><strong><em>εἶχον</em></strong></span> <span class='ocrx_word' id='word_1_134' title='bbox 1214 1894 1386 1965; x_wconf 67' lang='grc' dir='ltr'><strong><em>ε’νοίκουςίο</em></strong></span> 
     </span>
     <span class='ocr_line' id='line_1_17' title="bbox 245 1986 1357 2080; baseline -0.006 -20"><span class='ocrx_word' id='word_1_135' title='bbox 245 1997 304 2060; x_wconf 70' lang='grc' dir='ltr'><strong><em>τοῦ</em></strong></span> <span class='ocrx_word' id='word_1_136' title='bbox 325 1992 501 2080; x_wconf 78' lang='grc' dir='ltr'><strong><em>φσδνδακος</em></strong></span> <span class='ocrx_word' id='word_1_137' title='bbox 529 1995 585 2060; x_wconf 80' lang='grc' dir='ltr'><strong>καί</strong></span> <span class='ocrx_word' id='word_1_138' title='bbox 614 1997 842 2078; x_wconf 81' lang='grc' dir='ltr'><strong><em>σιτοκαπὴλους</em></strong></span> <span class='ocrx_word' id='word_1_139' title='bbox 871 1992 1019 2070; x_wconf 71' lang='grc' dir='ltr'><strong><em>πολλοὺς,</em></strong></span> <span class='ocrx_word' id='word_1_140' title='bbox 1041 1995 1095 2057; x_wconf 82' lang='grc' dir='ltr'><strong>καί</strong></span> <span class='ocrx_word' id='word_1_141' title='bbox 1115 1986 1208 2056; x_wconf 74' lang='grc' dir='ltr'><strong><em>οὗτοι</em></strong></span> <span class='ocrx_word' id='word_1_142' title='bbox 1230 2015 1357 2075; x_wconf 87' lang='grc' dir='ltr'><strong><em>προαρ-</em></strong></span> 
     </span>
     <span class='ocr_line' id='line_1_18' title="bbox 245 2092 1376 2180; baseline -0.006 -20"><span class='ocrx_word' id='word_1_143' title='bbox 245 2092 398 2172; x_wconf 76' lang='grc' dir='ltr'><strong><em>πδζοντος</em></strong></span> <span class='ocrx_word' id='word_1_144' title='bbox 420 2092 473 2159; x_wconf 82' lang='grc' dir='ltr'><strong><em>τὸν</em></strong></span> <span class='ocrx_word' id='word_1_145' title='bbox 491 2103 576 2161; x_wconf 79' lang='grc' dir='ltr'><strong><em>σῖτον</em></strong></span> <span class='ocrx_word' id='word_1_146' title='bbox 593 2098 763 2174; x_wconf 80' lang='grc' dir='ltr'><strong><em>ἐξωνοῦντο</em></strong></span> <span class='ocrx_word' id='word_1_147' title='bbox 785 2099 841 2161; x_wconf 83' lang='grc' dir='ltr'><strong>καί</strong></span> <span class='ocrx_word' id='word_1_148' title='bbox 857 2095 1039 2176; x_wconf 85' lang='grc' dir='ltr'><strong><em>α’πετίθουν,</em></strong></span> <span class='ocrx_word' id='word_1_149' title='bbox 1060 2097 1115 2158; x_wconf 82' lang='grc' dir='ltr'><strong>καί</strong></span> <span class='ocrx_word' id='word_1_150' title='bbox 1127 2096 1354 2176; x_wconf 80' lang='grc' dir='ltr'><strong><em>διηγωνίζοντο</em></strong></span> <span class='ocrx_word' id='word_1_151' title='bbox 1371 2174 1376 2180; x_wconf 29' lang='lat'><strong>¹</strong></span> 
     </span>
     <span class='ocr_line' id='line_1_19' title="bbox 246 2190 1354 2285; baseline -0.001 -28"><span class='ocrx_word' id='word_1_152' title='bbox 246 2196 422 2277; x_wconf 85' lang='grc' dir='ltr'><strong><em>κερδαίνειν</em></strong></span> <span class='ocrx_word' id='word_1_153' title='bbox 449 2196 502 2261; x_wconf 81' lang='grc' dir='ltr'><strong><em>εἰιί</em></strong></span> <span class='ocrx_word' id='word_1_154' title='bbox 539 2201 581 2285; x_wconf 77' lang='grc' dir='ltr'><strong>τῷ</strong></span> <span class='ocrx_word' id='word_1_155' title='bbox 607 2197 782 2276; x_wconf 85' lang='grc' dir='ltr'><strong><em>νομίσματι</em></strong></span> <span class='ocrx_word' id='word_1_156' title='bbox 807 2196 988 2275; x_wconf 85' lang='grc' dir='ltr'><strong><em>νομίσματα</em></strong></span> <span class='ocrx_word' id='word_1_157' title='bbox 1016 2198 1098 2277; x_wconf 90' lang='grc' dir='ltr'><strong><em>τρία.</em></strong></span> <span class='ocrx_word' id='word_1_158' title='bbox 1150 2190 1300 2276; x_wconf 77' lang='grc' dir='ltr'><strong><em>ἠγόραζε</em></strong></span> <span class='ocrx_word' id='word_1_159' title='bbox 1322 2195 1354 2256; x_wconf 79' lang='grc' dir='ltr'><strong>δὲ</strong></span> 
     </span>
     <span class='ocr_line' id='line_1_20' title="bbox 245 2290 1354 2379; baseline -0.005 -19"><span class='ocrx_word' id='word_1_160' title='bbox 245 2295 308 2360; x_wconf 68' lang='lat' dir='ltr'><strong>dno</strong></span> <span class='ocrx_word' id='word_1_161' title='bbox 331 2300 393 2361; x_wconf 76' lang='grc' dir='ltr'><strong><em>τῶν</em></strong></span> <span class='ocrx_word' id='word_1_162' title='bbox 416 2293 546 2377; x_wconf 73' lang='grc' dir='ltr'><strong><em>ἁμαξῶν</em></strong></span> <span class='ocrx_word' id='word_1_163' title='bbox 569 2299 684 2379; x_wconf 81' lang='grc' dir='ltr'><strong><em>ου’δείς,</em></strong></span> <span class='ocrx_word' id='word_1_164' title='bbox 708 2290 784 2360; x_wconf 72' lang='grc' dir='ltr'><strong><em>οὔτε</em></strong></span> <span class='ocrx_word' id='word_1_165' title='bbox 799 2295 947 2370; x_wconf 84' lang='grc' dir='ltr'><strong><em>ναυτικὸς</em></strong></span> <span class='ocrx_word' id='word_1_166' title='bbox 963 2291 1097 2378; x_wconf 78' lang='grc' dir='ltr'><strong><em>εἰσοίγων</em></strong></span> <span class='ocrx_word' id='word_1_167' title='bbox 1119 2293 1220 2357; x_wconf 76' lang='lat' dir='ltr'><strong>adrev</strong></span> <span class='ocrx_word' id='word_1_168' title='bbox 1234 2294 1285 2367; x_wconf 84' lang='grc' dir='ltr'><strong><em>εἰς</em></strong></span> <span class='ocrx_word' id='word_1_169' title='bbox 1300 2290 1354 2375; x_wconf 73' lang='grc' dir='ltr'><strong><em>τὴν</em></strong></span> 
     </span>
    </p>
   </div>
   <div class='ocr_carea' id='block_1_3' title="bbox 246 2495 1350 2785">
    <p class='ocr_par' dir='ltr' id='par_1_3' title="bbox 246 2495 1350 2785">
     <span class='ocr_line' id='line_1_21' title="bbox 248 2495 1350 2583; baseline -0.005 -20"><span class='ocrx_word' id='word_1_170' title='bbox 248 2502 333 2574; x_wconf 81' lang='grc' dir='ltr'><strong><em>δείς·</em></strong></span> <span class='ocrx_word' id='word_1_171' title='bbox 376 2500 447 2563; x_wconf 75' lang='grc' dir='ltr'><strong><em>ἀλλ’</em></strong></span> <span class='ocrx_word' id='word_1_172' title='bbox 478 2496 539 2563; x_wconf 77' lang='grc' dir='ltr'><strong>ἀπὸ</strong></span> <span class='ocrx_word' id='word_1_173' title='bbox 561 2503 624 2564; x_wconf 76' lang='grc' dir='ltr'><strong><em>τῶν</em></strong></span> <span class='ocrx_word' id='word_1_174' title='bbox 652 2499 871 2582; x_wconf 78' lang='grc' dir='ltr'><strong><em>σιτοκανιὴλονν</em></strong></span> <span class='ocrx_word' id='word_1_175' title='bbox 893 2502 949 2563; x_wconf 78' lang='grc' dir='ltr'><strong><em>τοῦ</em></strong></span> <span class='ocrx_word' id='word_1_176' title='bbox 976 2495 1156 2583; x_wconf 80' lang='grc' dir='ltr'><strong><em>φσδνδακος</em></strong></span> <span class='ocrx_word' id='word_1_177' title='bbox 1189 2496 1350 2579; x_wconf 81' lang='grc' dir='ltr'><strong><em>ἡπρᾶσις</em></strong></span> 
     </span>
     <span class='ocr_line' id='line_1_22' title="bbox 247 2598 1349 2683; baseline -0.002 -22"><span class='ocrx_word' id='word_1_178' title='bbox 247 2602 444 2683; x_wconf 76' lang='grc' dir='ltr'><strong><em>προέβαινεν,</em></strong></span> <span class='ocrx_word' id='word_1_179' title='bbox 468 2600 644 2675; x_wconf 78' lang='grc' dir='ltr'><strong><em>οδςὲκεῖνοι</em></strong></span> <span class='ocrx_word' id='word_1_180' title='bbox 666 2601 833 2681; x_wconf 78' lang='grc' dir='ltr'><strong><em>ἐβούλοντο</em></strong></span> <span class='ocrx_word' id='word_1_181' title='bbox 855 2602 910 2663; x_wconf 84' lang='grc' dir='ltr'><strong>καί</strong></span> <span class='ocrx_word' id='word_1_182' title='bbox 935 2598 952 2661; x_wconf 80' lang='grc' dir='ltr'><em>ὅ</em></span> <span class='ocrx_word' id='word_1_183' title='bbox 975 2598 1218 2682; x_wconf 76' lang='grc' dir='ltr'><strong><em>προκαθήμενος</em></strong></span> <span class='ocrx_word' id='word_1_184' title='bbox 1245 2598 1349 2659; x_wconf 74' lang='lat' dir='ltr'><strong>adroic</strong></span> 
     </span>
     <span class='ocr_line' id='line_1_23' title="bbox 246 2696 1348 2785; baseline -0.006 -23"><span class='ocrx_word' id='word_1_185' title='bbox 246 2698 372 2779; x_wconf 80' lang='grc' dir='ltr'><strong><em>λυμεοὸν</em></strong></span> <span class='ocrx_word' id='word_1_186' title='bbox 389 2701 635 2785; x_wconf 79' lang='grc' dir='ltr'><strong><em>φουνδακδριος,</em></strong></span> <span class='ocrx_word' id='word_1_187' title='bbox 657 2697 692 2777; x_wconf 74' lang='grc' dir='ltr'><strong>ὃς</strong></span> <span class='ocrx_word' id='word_1_188' title='bbox 716 2703 907 2783; x_wconf 78' lang='grc' dir='ltr'><strong><em>καινοτομιὸν</em></strong></span> <span class='ocrx_word' id='word_1_189' title='bbox 933 2697 1006 2774; x_wconf 69' lang='lat' dir='ltr'><strong>roric</strong></span> <span class='ocrx_word' id='word_1_190' title='bbox 1030 2696 1083 2763; x_wconf 84' lang='grc' dir='ltr'><strong><em>τὸν</em></strong></span> <span class='ocrx_word' id='word_1_191' title='bbox 1102 2706 1191 2763; x_wconf 84' lang='grc' dir='ltr'><strong><em>σῖτον</em></strong></span> <span class='ocrx_word' id='word_1_192' title='bbox 1213 2701 1348 2779; x_wconf 89' lang='grc' dir='ltr'><strong><em>καταβι.</em></strong></span> 
     </span>
    </p>
   </div>
   <div class='ocr_carea' id='block_1_4' title="bbox 316 2826 1139 2937">
    <p class='ocr_par' dir='ltr' id='par_1_4' title="bbox 316 2826 1139 2937">
     <span class='ocr_line' id='line_1_24' title="bbox 316 2826 1139 2937; baseline 0.004 -23"><span class='ocrx_word' id='word_1_193' title='bbox 316 2861 344 2914; x_wconf 82' lang='grc'><strong>3.</strong></span> <span class='ocrx_word' id='word_1_194' title='bbox 363 2876 455 2931; x_wconf 77' lang='lat' dir='ltr'><strong>margo</strong></span> <span class='ocrx_word' id='word_1_195' title='bbox 473 2866 647 2936; x_wconf 79' lang='grc' dir='ltr'><strong><em>κομμέρκιον</em></strong></span> <span class='ocrx_word' id='word_1_196' title='bbox 671 2866 720 2918; x_wconf 76' lang='grc' dir='ltr'><strong>καὶ</strong></span> <span class='ocrx_word' id='word_1_197' title='bbox 740 2864 834 2937; x_wconf 83' lang='grc' dir='ltr'><strong><em>φίρον</em></strong></span> <span class='ocrx_word' id='word_1_198' title='bbox 853 2865 949 2920; x_wconf 60' lang='lat' dir='ltr'><strong>stenar</strong></span> <span class='ocrx_word' id='word_1_199' title='bbox 967 2826 1139 2934; x_wconf 70' lang='grc' dir='ltr'><strong><em>πανήγυριν.</em></strong></span> 
     </span>
    </p>
   </div>
   <div class='ocr_carea' id='block_1_5' title="bbox 169 3007 1404 4292">
    <p class='ocr_par' dir='ltr' id='par_1_5' title="bbox 231 3007 1347 3727">
     <span class='ocr_line' id='line_1_25' title="bbox 245 3007 1347 3079; baseline -0.005 -19"><span class='ocrx_word' id='word_1_200' title='bbox 245 3007 359 3061; x_wconf 91' lang='lat' dir='ltr'><strong>liberum</strong></span> <span class='ocrx_word' id='word_1_201' title='bbox 376 3008 466 3061; x_wconf 86' lang='lat' dir='ltr'><strong>facere</strong></span> <span class='ocrx_word' id='word_1_202' title='bbox 486 3011 672 3061; x_wconf 85' lang='lat' dir='ltr'><strong>commercium</strong></span> <span class='ocrx_word' id='word_1_203' title='bbox 693 3027 752 3062; x_wconf 88' lang='lat' dir='ltr'><strong>cnm</strong></span> <span class='ocrx_word' id='word_1_204' title='bbox 770 3013 866 3079; x_wconf 85' lang='lat' dir='ltr'><strong>quovis</strong></span> <span class='ocrx_word' id='word_1_205' title='bbox 886 3019 912 3062; x_wconf 89' lang='lat' dir='ltr'><strong>et</strong></span> <span class='ocrx_word' id='word_1_206' title='bbox 932 3009 1093 3077; x_wconf 83' lang='lat' dir='ltr'><strong>expeditum,</strong></span> <span class='ocrx_word' id='word_1_207' title='bbox 1110 3016 1193 3075; x_wconf 87' lang='lat' dir='ltr'><strong>atque</strong></span> <span class='ocrx_word' id='word_1_208' title='bbox 1218 3008 1256 3057; x_wconf 88' lang='lat' dir='ltr'><strong>ita</strong></span> <span class='ocrx_word' id='word_1_209' title='bbox 1280 3022 1347 3073; x_wconf 87' lang='lat' dir='ltr'><strong>pro.</strong></span> 
     </span>
     <span class='ocr_line' id='line_1_26' title="bbox 246 3077 1346 3149; baseline -0.003 -17"><span class='ocrx_word' id='word_1_210' title='bbox 246 3082 343 3133; x_wconf 79' lang='lat' dir='ltr'><strong>cedere</strong></span> <span class='ocrx_word' id='word_1_211' title='bbox 363 3083 469 3134; x_wconf 89' lang='lat' dir='ltr'><strong>omnino</strong></span> <span class='ocrx_word' id='word_1_212' title='bbox 489 3082 601 3134; x_wconf 88' lang='lat' dir='ltr'><strong>salutem</strong></span> <span class='ocrx_word' id='word_1_213' title='bbox 621 3083 808 3146; x_wconf 78' lang='lat' dir='ltr'><strong>abundantiae,</strong></span> <span class='ocrx_word' id='word_1_214' title='bbox 832 3084 956 3135; x_wconf 84' lang='lat' dir='ltr'><strong>invidens</strong></span> <span class='ocrx_word' id='word_1_215' title='bbox 977 3082 1082 3149; x_wconf 87' lang='lat' dir='ltr'><strong>copiam</strong></span> <span class='ocrx_word' id='word_1_216' title='bbox 1100 3080 1207 3142; x_wconf 91' lang='lat' dir='ltr'><strong>mundo,</strong></span> <span class='ocrx_word' id='word_1_217' title='bbox 1221 3077 1346 3129; x_wconf 89' lang='lat' dir='ltr'><strong>borreum</strong></span> 
     </span>
     <span class='ocr_line' id='line_1_27' title="bbox 246 3150 1344 3221; baseline -0.005 -16"><span class='ocrx_word' id='word_1_218' title='bbox 246 3162 321 3205; x_wconf 83' lang='lat' dir='ltr'><strong>extra</strong></span> <span class='ocrx_word' id='word_1_219' title='bbox 338 3154 430 3205; x_wconf 87' lang='lat' dir='ltr'><strong>urbem</strong></span> <span class='ocrx_word' id='word_1_220' title='bbox 449 3155 579 3221; x_wconf 87' lang='lat' dir='ltr'><strong>pessimus</strong></span> <span class='ocrx_word' id='word_1_221' title='bbox 606 3155 685 3205; x_wconf 90' lang='lat' dir='ltr'><strong>homo</strong></span> <span class='ocrx_word' id='word_1_222' title='bbox 705 3154 871 3218; x_wconf 72' lang='lat' dir='ltr'><strong>medillam,</strong></span> <span class='ocrx_word' id='word_1_223' title='bbox 892 3155 964 3205; x_wconf 87' lang='lat' dir='ltr'><strong>etin</strong></span> <span class='ocrx_word' id='word_1_224' title='bbox 984 3154 1035 3205; x_wconf 89' lang='lat' dir='ltr'><strong>boc</strong></span> <span class='ocrx_word' id='word_1_225' title='bbox 1054 3153 1117 3219; x_wconf 83' lang='lat' dir='ltr'><strong>cogi</strong></span> <span class='ocrx_word' id='word_1_226' title='bbox 1136 3166 1230 3201; x_wconf 88' lang='lat' dir='ltr'><strong>currus</strong></span> <span class='ocrx_word' id='word_1_227' title='bbox 1258 3150 1344 3212; x_wconf 85' lang='lat' dir='ltr'><strong>iubet,</strong></span> 
     </span>
     <span class='ocr_line' id='line_1_28' title="bbox 231 3224 1344 3293; baseline -0.007 -14"><span class='ocrx_word' id='word_1_228' title='bbox 231 3227 328 3293; x_wconf 79' lang='lat' dir='ltr'><strong>regiis</strong></span> <span class='ocrx_word' id='word_1_229' title='bbox 347 3225 434 3278; x_wconf 86' lang='lat' dir='ltr'><strong>literis</strong></span> <span class='ocrx_word' id='word_1_230' title='bbox 460 3226 510 3277; x_wconf 89' lang='lat' dir='ltr'><strong>hoc</strong></span> <span class='ocrx_word' id='word_1_231' title='bbox 530 3227 683 3292; x_wconf 77' lang='lat' dir='ltr'><strong>perficiens,</strong></span> <span class='ocrx_word' id='word_1_232' title='bbox 704 3234 730 3276; x_wconf 91' lang='lat' dir='ltr'><strong>et</strong></span> <span class='ocrx_word' id='word_1_233' title='bbox 743 3226 926 3292; x_wconf 85' lang='lat' dir='ltr'><strong>monopolium</strong></span> <span class='ocrx_word' id='word_1_234' title='bbox 946 3226 1059 3291; x_wconf 79' lang='lat' dir='ltr'><strong>imponit</strong></span> <span class='ocrx_word' id='word_1_235' title='bbox 1076 3224 1189 3273; x_wconf 81' lang='lat' dir='ltr'><strong>maxime</strong></span> <span class='ocrx_word' id='word_1_236' title='bbox 1216 3236 1344 3273; x_wconf 84' lang='lat' dir='ltr'><strong>necessa-</strong></span> 
     </span>
     <span class='ocr_line' id='line_1_29' title="bbox 244 3292 1342 3363; baseline -0.008 -11"><span class='ocrx_word' id='word_1_237' title='bbox 244 3299 301 3352; x_wconf 89' lang='lat' dir='ltr'><strong>riae</strong></span> <span class='ocrx_word' id='word_1_238' title='bbox 322 3298 373 3361; x_wconf 87' lang='lat' dir='ltr'><strong>rei,</strong></span> <span class='ocrx_word' id='word_1_239' title='bbox 396 3298 537 3359; x_wconf 88' lang='lat' dir='ltr'><strong>frumento,</strong></span> <span class='ocrx_word' id='word_1_240' title='bbox 558 3314 617 3348; x_wconf 90' lang='lat' dir='ltr'><strong>cum</strong></span> <span class='ocrx_word' id='word_1_241' title='bbox 636 3312 714 3348; x_wconf 85' lang='lat' dir='ltr'><strong>nemo</strong></span> <span class='ocrx_word' id='word_1_242' title='bbox 733 3305 826 3363; x_wconf 88' lang='lat' dir='ltr'><strong>posset</strong></span> <span class='ocrx_word' id='word_1_243' title='bbox 843 3298 895 3347; x_wconf 90' lang='lat' dir='ltr'><strong>nisi</strong></span> <span class='ocrx_word' id='word_1_244' title='bbox 916 3313 950 3349; x_wconf 87' lang='lat' dir='ltr'><strong>ex</strong></span> <span class='ocrx_word' id='word_1_245' title='bbox 974 3297 1071 3348; x_wconf 90' lang='lat' dir='ltr'><strong>horreo</strong></span> <span class='ocrx_word' id='word_1_246' title='bbox 1095 3309 1204 3356; x_wconf 89' lang='lat' dir='ltr'><strong>emere,</strong></span> <span class='ocrx_word' id='word_1_247' title='bbox 1231 3292 1342 3355; x_wconf 87' lang='lat' dir='ltr'><strong>horreo,</strong></span> 
     </span>
     <span class='ocr_line' id='line_1_30' title="bbox 245 3364 1343 3437; baseline -0.014 -13"><span class='ocrx_word' id='word_1_248' title='bbox 245 3370 374 3424; x_wconf 86' lang='lat' dir='ltr'><strong>insidiosa</strong></span> <span class='ocrx_word' id='word_1_249' title='bbox 394 3378 420 3420; x_wconf 90' lang='lat' dir='ltr'><strong>et</strong></span> <span class='ocrx_word' id='word_1_250' title='bbox 439 3370 543 3436; x_wconf 80' lang='lat' dir='ltr'><strong>ingenti</strong></span> <span class='ocrx_word' id='word_1_251' title='bbox 564 3384 593 3419; x_wconf 87' lang='lat' dir='ltr'><strong>re</strong></span> <span class='ocrx_word' id='word_1_252' title='bbox 613 3377 692 3436; x_wconf 88' lang='lat' dir='ltr'><strong>atque</strong></span> <span class='ocrx_word' id='word_1_253' title='bbox 711 3370 927 3437; x_wconf 82' lang='lat' dir='ltr'><strong>significatione:</strong></span> <span class='ocrx_word' id='word_1_254' title='bbox 942 3384 982 3432; x_wconf 62' lang='lat' dir='ltr'><strong>⁵ea</strong></span> <span class='ocrx_word' id='word_1_255' title='bbox 1001 3382 1053 3434; x_wconf 92' lang='lat' dir='ltr'><strong>quo</strong></span> <span class='ocrx_word' id='word_1_256' title='bbox 1074 3368 1143 3416; x_wconf 88' lang='lat' dir='ltr'><strong>enim</strong></span> <span class='ocrx_word' id='word_1_257' title='bbox 1162 3364 1230 3415; x_wconf 93' lang='lat' dir='ltr'><strong>illud</strong></span> <span class='ocrx_word' id='word_1_258' title='bbox 1250 3365 1343 3415; x_wconf 88' lang='lat' dir='ltr'><strong>induc.</strong></span> 
     </span>
     <span class='ocr_line' id='line_1_31' title="bbox 245 3436 1342 3507; baseline -0.009 -12"><span class='ocrx_word' id='word_1_259' title='bbox 245 3452 299 3495; x_wconf 87' lang='lat' dir='ltr'><strong>tum</strong></span> <span class='ocrx_word' id='word_1_260' title='bbox 320 3448 370 3503; x_wconf 84' lang='lat' dir='ltr'><strong>est,</strong></span> <span class='ocrx_word' id='word_1_261' title='bbox 389 3440 505 3492; x_wconf 83' lang='lat' dir='ltr'><strong>felicitas</strong></span> <span class='ocrx_word' id='word_1_262' title='bbox 528 3440 633 3491; x_wconf 90' lang='lat' dir='ltr'><strong>urbium</strong></span> <span class='ocrx_word' id='word_1_263' title='bbox 652 3440 839 3503; x_wconf 76' lang='lat' dir='ltr'><strong>evanescebat,</strong></span> <span class='ocrx_word' id='word_1_264' title='bbox 860 3448 887 3491; x_wconf 89' lang='lat' dir='ltr'><strong>et</strong></span> <span class='ocrx_word' id='word_1_265' title='bbox 904 3441 944 3491; x_wconf 90' lang='lat' dir='ltr'><strong>ira</strong></span> <span class='ocrx_word' id='word_1_266' title='bbox 963 3440 1056 3507; x_wconf 83' lang='lat' dir='ltr'><strong>divina</strong></span> <span class='ocrx_word' id='word_1_267' title='bbox 1072 3453 1115 3488; x_wconf 83' lang='lat' dir='ltr'><strong>res</strong></span> <span class='ocrx_word' id='word_1_268' title='bbox 1127 3436 1244 3488; x_wconf 87' lang='lat' dir='ltr'><strong>Graecas</strong></span> <span class='ocrx_word' id='word_1_269' title='bbox 1261 3437 1342 3502; x_wconf 82' lang='lat' dir='ltr'><strong>magis</strong></span> 
     </span>
     <span class='ocr_line' id='line_1_32' title="bbox 248 3506 1341 3579; baseline -0.008 -13"><span class='ocrx_word' id='word_1_270' title='bbox 248 3512 381 3567; x_wconf 84' lang='lat' dir='ltr'><strong>obtinuit:</strong></span> <span class='ocrx_word' id='word_1_271' title='bbox 400 3528 488 3579; x_wconf 89' lang='lat' dir='ltr'><strong>neque</strong></span> <span class='ocrx_word' id='word_1_272' title='bbox 511 3513 589 3575; x_wconf 87' lang='lat' dir='ltr'><strong>enim,</strong></span> <span class='ocrx_word' id='word_1_273' title='bbox 611 3519 640 3562; x_wconf 91' lang='lat' dir='ltr'><strong>nt</strong></span> <span class='ocrx_word' id='word_1_274' title='bbox 660 3520 739 3564; x_wconf 90' lang='lat' dir='ltr'><strong>antea</strong></span> <span class='ocrx_word' id='word_1_275' title='bbox 758 3512 863 3576; x_wconf 87' lang='lat' dir='ltr'><strong>luerat,</strong></span> <span class='ocrx_word' id='word_1_276' title='bbox 883 3512 928 3579; x_wconf 88' lang='lat' dir='ltr'><strong>qui</strong></span> <span class='ocrx_word' id='word_1_277' title='bbox 948 3511 1043 3573; x_wconf 82' lang='lat' dir='ltr'><strong>vellet,</strong></span> <span class='ocrx_word' id='word_1_278' title='bbox 1064 3508 1168 3559; x_wconf 83' lang='lat' dir='ltr'><strong>emebat</strong></span> <span class='ocrx_word' id='word_1_279' title='bbox 1187 3506 1341 3558; x_wconf 81' lang='lat' dir='ltr'><strong>frumentum</strong></span> 
     </span>
     <span class='ocr_line' id='line_1_33' title="bbox 247 3579 1341 3651; baseline -0.012 -12"><span class='ocrx_word' id='word_1_280' title='bbox 247 3596 274 3639; x_wconf 85' lang='lat' dir='ltr'><strong>et</strong></span> <span class='ocrx_word' id='word_1_281' title='bbox 293 3602 352 3637; x_wconf 90' lang='lat' dir='ltr'><strong>cum</strong></span> <span class='ocrx_word' id='word_1_282' title='bbox 370 3584 505 3635; x_wconf 88' lang='lat' dir='ltr'><strong>vendente</strong></span> <span class='ocrx_word' id='word_1_283' title='bbox 525 3584 758 3635; x_wconf 86' lang='lat' dir='ltr'><strong>commutationem</strong></span> <span class='ocrx_word' id='word_1_284' title='bbox 776 3583 869 3647; x_wconf 82' lang='lat' dir='ltr'><strong>inibat,</strong></span> <span class='ocrx_word' id='word_1_285' title='bbox 889 3591 969 3651; x_wconf 87' lang='lat' dir='ltr'><strong>atque</strong></span> <span class='ocrx_word' id='word_1_286' title='bbox 988 3583 1010 3633; x_wconf 93' lang='lat' dir='ltr'><strong>si</strong></span> <span class='ocrx_word' id='word_1_287' title='bbox 1028 3583 1057 3632; x_wconf 92' lang='lat' dir='ltr'><strong>in</strong></span> <span class='ocrx_word' id='word_1_288' title='bbox 1076 3580 1127 3630; x_wconf 91' lang='lat' dir='ltr'><strong>hoc</strong></span> <span class='ocrx_word' id='word_1_289' title='bbox 1152 3579 1215 3629; x_wconf 93' lang='lat' dir='ltr'><strong>loco</strong></span> <span class='ocrx_word' id='word_1_290' title='bbox 1242 3580 1268 3628; x_wconf 89' lang='lat' dir='ltr'><strong>ei</strong></span> <span class='ocrx_word' id='word_1_291' title='bbox 1290 3593 1341 3627; x_wconf 91' lang='lat' dir='ltr'><strong>non</strong></span> 
     </span>
     <span class='ocr_line' id='line_1_34' title="bbox 247 3650 1339 3727; baseline -0.016 -17"><span class='ocrx_word' id='word_1_292' title='bbox 247 3657 377 3727; x_wconf 84' lang='lat' dir='ltr'><strong>placeret,</strong></span> <span class='ocrx_word' id='word_1_293' title='bbox 397 3654 525 3707; x_wconf 84' lang='lat' dir='ltr'><strong>transibat</strong></span> <span class='ocrx_word' id='word_1_294' title='bbox 543 3655 576 3705; x_wconf 89' lang='lat' dir='ltr'><strong>ad</strong></span> <span class='ocrx_word' id='word_1_295' title='bbox 594 3654 675 3706; x_wconf 89' lang='lat' dir='ltr'><strong>alium</strong></span> <span class='ocrx_word' id='word_1_296' title='bbox 696 3652 842 3722; x_wconf 78' lang='lat' dir='ltr'><strong>rursusque</strong></span> <span class='ocrx_word' id='word_1_297' title='bbox 860 3655 892 3705; x_wconf 88' lang='lat' dir='ltr'><strong>ad</strong></span> <span class='ocrx_word' id='word_1_298' title='bbox 911 3654 1010 3716; x_wconf 88' lang='lat' dir='ltr'><strong>alium,</strong></span> <span class='ocrx_word' id='word_1_299' title='bbox 1036 3659 1062 3703; x_wconf 90' lang='lat' dir='ltr'><strong>et</strong></span> <span class='ocrx_word' id='word_1_300' title='bbox 1081 3668 1115 3702; x_wconf 85' lang='lat' dir='ltr'><strong>ex</strong></span> <span class='ocrx_word' id='word_1_301' title='bbox 1133 3650 1257 3701; x_wconf 87' lang='lat' dir='ltr'><strong>curribus</strong></span> <span class='ocrx_word' id='word_1_302' title='bbox 1274 3664 1339 3699; x_wconf 82' lang='lat' dir='ltr'><strong>ren.</strong></span> 
     </span>
    </p>

    <p class='ocr_par' dir='ltr' id='par_1_6' title="bbox 169 3721 1404 4292">
     <span class='ocr_line' id='line_1_35' title="bbox 217 3721 1342 3795; baseline -0.012 -12"><span class='ocrx_word' id='word_1_303' title='bbox 217 3758 223 3773; x_wconf 67' lang='grc' dir='ltr'><strong><em>ι</em></strong></span> <span class='ocrx_word' id='word_1_304' title='bbox 246 3731 312 3783; x_wconf 91' lang='lat' dir='ltr'><strong>ditio</strong></span> <span class='ocrx_word' id='word_1_305' title='bbox 333 3727 429 3779; x_wconf 64' lang='lat' dir='ltr'><strong>fiebam</strong></span> <span class='ocrx_word' id='word_1_306' title='bbox 451 3726 497 3778; x_wconf 87' lang='lat' dir='ltr'><strong>sed</strong></span> <span class='ocrx_word' id='word_1_307' title='bbox 517 3727 607 3795; x_wconf 84' lang='lat' dir='ltr'><strong>fruges</strong></span> <span class='ocrx_word' id='word_1_308' title='bbox 627 3742 695 3795; x_wconf 90' lang='lat' dir='ltr'><strong>quae</strong></span> <span class='ocrx_word' id='word_1_309' title='bbox 715 3726 923 3792; x_wconf 86' lang='lat' dir='ltr'><strong>importabantur</strong></span> <span class='ocrx_word' id='word_1_310' title='bbox 941 3727 968 3775; x_wconf 92' lang='lat' dir='ltr'><strong>in</strong></span> <span class='ocrx_word' id='word_1_311' title='bbox 988 3725 1077 3775; x_wconf 86' lang='lat' dir='ltr'><strong>horrei</strong></span> <span class='ocrx_word' id='word_1_312' title='bbox 1104 3730 1227 3788; x_wconf 82' lang='lat' dir='ltr'><strong>septum,</strong></span> <span class='ocrx_word' id='word_1_313' title='bbox 1253 3721 1342 3772; x_wconf 89' lang='lat' dir='ltr'><strong>darda-</strong></span> 
     </span>
     <span class='ocr_line' id='line_1_36' title="bbox 169 3792 1342 3867; baseline -0.01 -14"><span class='ocrx_word' id='word_1_314' title='bbox 169 3842 175 3846; x_wconf 76' lang='lat'><em>,</em></span> <span class='ocrx_word' id='word_1_315' title='bbox 246 3803 336 3853; x_wconf 82' lang='lat' dir='ltr'><strong>uarios</strong></span> <span class='ocrx_word' id='word_1_316' title='bbox 356 3797 488 3867; x_wconf 78' lang='lat' dir='ltr'><strong>babebant</strong></span> <span class='ocrx_word' id='word_1_317' title='bbox 506 3798 685 3851; x_wconf 86' lang='lat' dir='ltr'><strong>inhabitantes</strong></span> <span class='ocrx_word' id='word_1_318' title='bbox 705 3798 803 3851; x_wconf 89' lang='lat' dir='ltr'><strong>horreo</strong></span> <span class='ocrx_word' id='word_1_319' title='bbox 824 3806 850 3848; x_wconf 85' lang='lat' dir='ltr'><strong>et</strong></span> <span class='ocrx_word' id='word_1_320' title='bbox 869 3796 995 3865; x_wconf 84' lang='lat' dir='ltr'><strong>propolas</strong></span> <span class='ocrx_word' id='word_1_321' title='bbox 1014 3795 1128 3846; x_wconf 85' lang='lat' dir='ltr'><strong>multos:</strong></span> <span class='ocrx_word' id='word_1_322' title='bbox 1147 3800 1228 3859; x_wconf 87' lang='lat' dir='ltr'><strong>atque</strong></span> <span class='ocrx_word' id='word_1_323' title='bbox 1248 3792 1275 3843; x_wconf 88' lang='lat' dir='ltr'><strong>hi</strong></span> <span class='ocrx_word' id='word_1_324' title='bbox 1299 3807 1342 3841; x_wconf 87' lang='lat' dir='ltr'><strong>ra-</strong></span> 
     </span>
     <span class='ocr_line' id='line_1_37' title="bbox 245 3865 1366 3938; baseline -0.007 -17"><span class='ocrx_word' id='word_1_325' title='bbox 245 3873 351 3938; x_wconf 89' lang='lat' dir='ltr'><strong>pientes</strong></span> <span class='ocrx_word' id='word_1_326' title='bbox 372 3870 530 3921; x_wconf 88' lang='lat' dir='ltr'><strong>lrumentum</strong></span> <span class='ocrx_word' id='word_1_327' title='bbox 542 3870 663 3921; x_wconf 89' lang='lat' dir='ltr'><strong>emebant</strong></span> <span class='ocrx_word' id='word_1_328' title='bbox 683 3878 709 3921; x_wconf 89' lang='lat' dir='ltr'><strong>et</strong></span> <span class='ocrx_word' id='word_1_329' title='bbox 721 3870 887 3937; x_wconf 88' lang='lat' dir='ltr'><strong>reponebant</strong></span> <span class='ocrx_word' id='word_1_330' title='bbox 902 3877 929 3920; x_wconf 87' lang='lat' dir='ltr'><strong>et</strong></span> <span class='ocrx_word' id='word_1_331' title='bbox 948 3868 1084 3919; x_wconf 88' lang='lat' dir='ltr'><strong>certabant</strong></span> <span class='ocrx_word' id='word_1_332' title='bbox 1097 3865 1196 3916; x_wconf 87' lang='lat' dir='ltr'><strong>lucrari</strong></span> <span class='ocrx_word' id='word_1_333' title='bbox 1216 3880 1275 3916; x_wconf 90' lang='lat' dir='ltr'><strong>asse</strong></span> <span class='ocrx_word' id='word_1_334' title='bbox 1291 3871 1341 3915; x_wconf 84' lang='lat' dir='ltr'><strong>tres</strong></span> <span class='ocrx_word' id='word_1_335' title='bbox 1358 3872 1366 3881; x_wconf 90' lang='grc'><strong><em>’</em></strong></span> 
     </span>
     <span class='ocr_line' id='line_1_38' title="bbox 246 3933 1341 4009; baseline -0.009 -16"><span class='ocrx_word' id='word_1_336' title='bbox 246 3957 337 3995; x_wconf 71' lang='lat' dir='ltr'><strong>assera</strong></span> <span class='ocrx_word' id='word_1_337' title='bbox 359 3941 462 3992; x_wconf 87' lang='lat' dir='ltr'><strong>emebat</strong></span> <span class='ocrx_word' id='word_1_338' title='bbox 481 3950 568 3993; x_wconf 87' lang='lat' dir='ltr'><strong>autem</strong></span> <span class='ocrx_word' id='word_1_339' title='bbox 589 3958 622 3993; x_wconf 83' lang='lat' dir='ltr'><strong>ex</strong></span> <span class='ocrx_word' id='word_1_340' title='bbox 633 3942 753 3994; x_wconf 88' lang='lat' dir='ltr'><strong>curribus</strong></span> <span class='ocrx_word' id='word_1_341' title='bbox 765 3957 854 4004; x_wconf 89' lang='lat' dir='ltr'><strong>nemo,</strong></span> <span class='ocrx_word' id='word_1_342' title='bbox 873 3956 962 4009; x_wconf 88' lang='lat' dir='ltr'><strong>neque</strong></span> <span class='ocrx_word' id='word_1_343' title='bbox 988 3947 1070 3989; x_wconf 89' lang='lat' dir='ltr'><strong>nauta</strong></span> <span class='ocrx_word' id='word_1_344' title='bbox 1094 3934 1254 4003; x_wconf 83' lang='lat' dir='ltr'><strong>importabat</strong></span> <span class='ocrx_word' id='word_1_345' title='bbox 1280 3933 1341 3984; x_wconf 87' lang='lat' dir='ltr'><strong>illud</strong></span> 
     </span>
     <span class='ocr_line' id='line_1_39' title="bbox 246 4007 1340 4081; baseline -0.008 -18"><span class='ocrx_word' id='word_1_346' title='bbox 246 4015 274 4063; x_wconf 89' lang='lat' dir='ltr'><strong>in</strong></span> <span class='ocrx_word' id='word_1_347' title='bbox 294 4012 395 4073; x_wconf 90' lang='lat' dir='ltr'><strong>urbem,</strong></span> <span class='ocrx_word' id='word_1_348' title='bbox 417 4026 505 4078; x_wconf 88' lang='lat' dir='ltr'><strong>neque</strong></span> <span class='ocrx_word' id='word_1_349' title='bbox 524 4012 639 4065; x_wconf 87' lang='lat' dir='ltr'><strong>urbanus</strong></span> <span class='ocrx_word' id='word_1_350' title='bbox 659 4029 747 4081; x_wconf 89' lang='lat' dir='ltr'><strong>neque</strong></span> <span class='ocrx_word' id='word_1_351' title='bbox 766 4014 884 4080; x_wconf 85' lang='lat' dir='ltr'><strong>agricola</strong></span> <span class='ocrx_word' id='word_1_352' title='bbox 904 4009 1076 4078; x_wconf 88' lang='lat' dir='ltr'><strong>ncqueullus</strong></span> <span class='ocrx_word' id='word_1_353' title='bbox 1095 4008 1164 4060; x_wconf 88' lang='lat' dir='ltr'><strong>alius</strong></span> <span class='ocrx_word' id='word_1_354' title='bbox 1176 4026 1182 4056; x_wconf 78' lang='lat' dir='ltr'>z</span> <span class='ocrx_word' id='word_1_355' title='bbox 1194 4007 1340 4070; x_wconf 88' lang='lat' dir='ltr'><strong>sedapro-</strong></span> 
     </span>
     <span class='ocr_line' id='line_1_40' title="bbox 245 4081 1339 4151; baseline -0.006 -18"><span class='ocrx_word' id='word_1_356' title='bbox 245 4081 318 4151; x_wconf 88' lang='lat' dir='ltr'><strong>polis</strong></span> <span class='ocrx_word' id='word_1_357' title='bbox 339 4081 429 4132; x_wconf 89' lang='lat' dir='ltr'><strong>horrei</strong></span> <span class='ocrx_word' id='word_1_358' title='bbox 449 4084 568 4134; x_wconf 85' lang='lat' dir='ltr'><strong>venditio</strong></span> <span class='ocrx_word' id='word_1_359' title='bbox 582 4086 754 4151; x_wconf 85' lang='lat' dir='ltr'><strong>procedebat,</strong></span> <span class='ocrx_word' id='word_1_360' title='bbox 774 4084 896 4137; x_wconf 84' lang='lat' dir='ltr'><strong>sicutilli</strong></span> <span class='ocrx_word' id='word_1_361' title='bbox 909 4082 1052 4134; x_wconf 87' lang='lat' dir='ltr'><strong>volebant:</strong></span> <span class='ocrx_word' id='word_1_362' title='bbox 1071 4087 1151 4146; x_wconf 89' lang='lat' dir='ltr'><strong>atque</strong></span> <span class='ocrx_word' id='word_1_363' title='bbox 1170 4093 1279 4143; x_wconf 82' lang='lat' dir='ltr'><strong>praeses</strong></span> <span class='ocrx_word' id='word_1_364' title='bbox 1295 4089 1339 4126; x_wconf 90' lang='lat' dir='ltr'><strong>co-</strong></span> 
     </span>
     <span class='ocr_line' id='line_1_41' title="bbox 247 4149 1403 4223; baseline -0.01 -16"><span class='ocrx_word' id='word_1_365' title='bbox 247 4170 315 4219; x_wconf 88' lang='lat' dir='ltr'><strong>rum,</strong></span> <span class='ocrx_word' id='word_1_366' title='bbox 334 4151 462 4220; x_wconf 88' lang='lat' dir='ltr'><strong>perditor,</strong></span> <span class='ocrx_word' id='word_1_367' title='bbox 482 4154 571 4206; x_wconf 90' lang='lat' dir='ltr'><strong>borrei</strong></span> <span class='ocrx_word' id='word_1_368' title='bbox 593 4156 798 4219; x_wconf 87' lang='lat' dir='ltr'><strong>administrator,</strong></span> <span class='ocrx_word' id='word_1_369' title='bbox 818 4158 864 4223; x_wconf 89' lang='lat' dir='ltr'><strong>qni</strong></span> <span class='ocrx_word' id='word_1_370' title='bbox 884 4169 956 4205; x_wconf 84' lang='lat' dir='ltr'><strong>novo</strong></span> <span class='ocrx_word' id='word_1_371' title='bbox 983 4154 1060 4203; x_wconf 92' lang='lat' dir='ltr'><strong>modo</strong></span> <span class='ocrx_word' id='word_1_372' title='bbox 1087 4149 1203 4203; x_wconf 80' lang='lat' dir='ltr'><strong>vexabat</strong></span> <span class='ocrx_word' id='word_1_373' title='bbox 1229 4150 1340 4201; x_wconf 80' lang='lat' dir='ltr'><strong>trunen.</strong></span> <span class='ocrx_word' id='word_1_374' title='bbox 1402 4207 1403 4218; x_wconf 19' lang='lat'>¹</span> 
     </span>
     <span class='ocr_line' id='line_1_42' title="bbox 248 4213 1404 4292; baseline -0.014 -7"><span class='ocrx_word' id='word_1_375' title='bbox 248 4234 303 4285; x_wconf 82' lang='lat' dir='ltr'><strong>tunt</strong></span> <span class='ocrx_word' id='word_1_376' title='bbox 322 4224 483 4282; x_wconf 85' lang='lat' dir='ltr'><strong>deducentes</strong></span> <span class='ocrx_word' id='word_1_377' title='bbox 504 4232 532 4275; x_wconf 89' lang='lat' dir='ltr'><strong>et</strong></span> <span class='ocrx_word' id='word_1_378' title='bbox 545 4225 704 4279; x_wconf 82' lang='lat' dir='ltr'><strong>frumentum</strong></span> <span class='ocrx_word' id='word_1_379' title='bbox 724 4227 764 4278; x_wconf 89' lang='lat' dir='ltr'><strong>his</strong></span> <span class='ocrx_word' id='word_1_380' title='bbox 784 4213 1049 4292; x_wconf 81' lang='lat' dir='ltr'><strong>turpiteradimebat</strong></span> <span class='ocrx_word' id='word_1_381' title='bbox 1069 4232 1095 4275; x_wconf 91' lang='lat' dir='ltr'><strong>et</strong></span> <span class='ocrx_word' id='word_1_382' title='bbox 1111 4222 1206 4291; x_wconf 80' lang='lat' dir='ltr'><strong>gravia</strong></span> <span class='ocrx_word' id='word_1_383' title='bbox 1224 4220 1340 4288; x_wconf 66' lang='lat' dir='ltr'><strong>vertige</strong></span> <span class='ocrx_word' id='word_1_384' title='bbox 1401 4221 1404 4288; x_wconf 73' lang='lat' dir='ltr'><strong>l</strong></span> 
     </span>
    </p>
   </div>
   <div class='ocr_carea' id='block_1_6' title="bbox 0 0 1422 4750">
    <p class='ocr_par' dir='ltr' id='par_1_7' title="bbox 0 0 1422 4750">
     <span class='ocr_line' id='line_1_43' title="bbox 0 0 1422 4750; baseline 0 0"><span class='ocrx_word' id='word_1_385' title='bbox 0 0 1422 4750; x_wconf 95' lang='lat' dir='ltr'><strong> </strong></span> 
     </span>
    </p>
   </div>
  </div>
 </body>
</html>
