2834 4750
377 261 380 269 '
455 381 460 400 η
513 302 729 402 ⁸rnsronrn.
793 299 800 308 ’
1103 291 1173 380 145
1284 340 1290 350 ,

31 469 259 548 τιθεμένων,
284 464 361 550 πρός
384 495 412 535 τι
440 459 573 548 όναντες
597 477 651 538 κατ’
671 472 777 558 τραχό
798 475 917 556 χωρίον
937 470 994 557 τήν
1018 476 1103 540 ἰδίαν
1116 473 1177 538 κα·
1260 529 1265 536 ,

34 565 272 651 τασκήνωσιν
292 569 482 654 ἐποιήσατο,
503 573 682 657 ζδωματίοις
706 577 888 656 ’ἐπιστέγοις
916 572 1175 658 ἐπιγαννόμενος,

34 670 107 733 καί
135 665 277 752 φεύγων
303 666 359 753 τήν
386 671 420 734 ἐκ
443 674 497 756 τής
519 679 730 758 σκηνοπηγίας
752 672 952 757 ἐισκήνωσιν.
996 673 1074 738 ἔνθα
1096 675 1176 758 δήτι

35 771 106 833 κατ’
132 771 264 852 συνέβη
288 773 349 835 ταῖν
372 776 533 857 προτέρων
557 776 614 837 ου’νι
636 773 763 839 ἔλαττον
774 777 819 850 εἰς
843 777 1086 857 κακοδαιμονίας
1099 777 1179 842 οίώέ

4 883 178 952 5νισμα.
237 871 303 951 πόρ
334 869 395 955 γόρ
423 877 521 937 ποθεν
551 867 688 956 ε’ναχθὲν
715 874 788 949 ’τοός
823 873 941 955 δόμους
972 872 1120 956 ἐκείνους,
1141 879 1175 940 ἐν

37 959 95 1045 οἷς
124 969 146 1032 ὁ
178 969 334 1052 βασιλεῦς
365 967 592 1059 ἐγκαιῴκιστο,
620 971 699 1054 μετό
725 978 840 1058 πολλῆς
858 977 913 1058 τής
935 977 1014 1059 η’χής
1035 978 1179 1061 ἐξαφθὲν

37 1074 268 1152 κατενέμετο.
311 1074 366 1136 καί
384 1071 496 1137 πολλοί
515 1077 574 1154 μὲν
596 1077 797 1158 συνέδραμον
814 1078 859 1152 εἰς
877 1073 931 1159 τήν
952 1075 1055 1140 αότοό
1075 1073 1178 1141 κατ’ό-

38 1180 179 1257 σβεσιν
211 1176 265 1236 καί
286 1170 478 1260 α’πόπαυσιν,
503 1177 607 1260 όλίγον
628 1179 663 1241 δι’
682 1203 712 1241 τι
736 1185 801 1252 τοῖς
819 1181 996 1258 βασιλικοῖς
1016 1183 1179 1263 παρεβοη-

39 1283 175 1363 θησαν
208 1269 409 1358 πράγμασιν·
463 1273 492 1338 οἱ
525 1274 586 1360 γόρ
622 1282 680 1341 τοῦ
702 1277 861 1360 βασιλέως
895 1279 1003 1360 ἵπποι,
1038 1273 1109 1344 όσοι
1138 1276 1177 1345 τό

10 1365 187 1461 θπροότοι
207 1377 270 1438 τιόν
295 1365 400 1440 ἄλλων
434 1377 613 1461 ἐκέκτηντο,
646 1380 700 1441 καί
725 1375 762 1441 τό
789 1379 852 1441 τοῖν
872 1369 977 1442 όπλων
1004 1383 1192 1464 τιμιώτερα

45 1480 112 1542 κατ’
134 1477 274 1560 χαλινοί
295 1477 351 1540 καί
375 1474 520 1560 ὀχήματα
547 1481 667 1563 βρῶσις
698 1477 784 1560 όμοό
813 1479 871 1542 τοό
900 1475 1000 1563 πυρός
1029 1479 1177 1562 γεγόνασι

46 1577 113 1642 καί
147 1581 339 1651 κατάποσις.
389 1576 480 1656 μόλις
505 1580 533 1641 δ’
566 1571 622 1642 οόν
650 1576 857 1664 ἠδυνήθησαν
886 1604 956 1644 τινα
982 1583 1043 1644 τόν
1072 1575 1193 1661 ἄλλων,

50 1679 252 1763 ἀποφυγεῖν
272 1674 329 1761 τήν
350 1679 407 1741 τοῦ
434 1675 535 1760 πυρός
563 1677 674 1760 ἐρωήν.
723 1679 824 1762 ἕτεροι
857 1681 892 1743 δέ
912 1681 973 1743 τῶν
995 1681 1100 1744 ἵππων
1121 1679 1178 1743 καί

50 1774 215 1862 ἡμιόνων
236 1777 425 1862 ἡμίφλεκτοι
447 1776 604 1862 γεγονότες
626 1778 776 1858 ἐβάδιζον
799 1781 832 1842 ἐν
853 1783 891 1866 τῇ
911 1781 1059 1866 στρατιᾷ,
1082 1781 1176 1845 ου’δέν
1234 1843 1243 1858 ,

3 1893 40 1944 15
51 1880 233 1952 λυσιτελὲς
256 1878 489 1962 παρεχόμενοι,
520 1877 700 1962 μαρτυρίαν
724 1881 760 1941 δέ
787 1862 1025 1964 διεμφαίνοντες
1053 1886 1110 1964 τῆς
1143 1885 1177 1946 ἐν

51 1987 127 2053 τοῖς
151 1983 332 2062 βασιλείοις
352 1984 598 2066 προσγενομένης
622 1979 793 2064 κακότητος
826 1981 882 2043 καί
903 1982 960 2063 τής
982 1982 1177 2066 συμβολικής

55 2082 93 2143 ἐν
120 2074 229 2144 ἅπασι
253 2082 439 2157 διαθέσεως.
851 2076 861 2086 ’

168 2178 266 2245 betto
289 2182 392 2246 carim
413 2186 473 2263 μὲν
497 2175 630 2266 όστερον
652 2180 687 2246 τό
709 2181 908 2260 α’ποτέλεσμα
928 2184 1205 2267 συνεπίραινεν·ῐ.
1221 2195 1272 2252 19⁶
1281 2212 1310 2254 v.

59 2282 75 2346 ὅ
103 2284 142 2346 δὲ
167 2279 321 2364 βασιλεὺς
346 2269 594 2365 διαπεραιωθεὶς
617 2280 674 2345 τόν
696 2281 862 2366 Σαγγόρην
882 2279 1023 2364 ποταμόν
1044 2281 1098 2347 διό
1120 2284 1176 2367 τής

10 2384 122 2453 bosori
150 2382 287 2464 Ζόμπου
312 2386 505 2470 καλουμένης
523 2380 679 2468 γεφόρας,
701 2375 820 2468 ήρξατο
843 2381 902 2459 τός
925 2382 1176 2467 ὑπολειπομένας

62 2488 298 2569 συναθροίζειν
321 2482 492 2565 όυνόμεις·
545 2478 626 2568 ήσαν
658 2484 720 2569 γόρ
744 2474 773 2549 οἶ
804 2477 858 2568 τῆς
880 2489 1029 2570 στρατιός
1052 2489 1177 2553 διεσκε-

62 2588 228 2667 δασμένοι
254 2585 333 2655 κατὰ
368 2582 487 2673 λόφους
520 2585 575 2649 κατ’
602 2585 764 2671 σήραγγας
794 2589 849 2651 καί
876 2583 1079 2677 κρησφόγετό
1102 2612 1174 2653 τινα

63 2686 120 2750 καί
145 2680 325 2769 όντραδιόι
349 2685 408 2770 τήν
430 2690 712 2773 προόεδηλωμένην
742 2686 999 2773 τῶνβαρβάρων
1021 2686 1175 2754 ἐπίτασιν.
1235 2710 1240 2723 “

63 2790 245 2864 καταλέξας
266 2790 295 2851 δ’
324 2781 382 2851 σόν
412 2781 505 2865 ὅσους
535 2787 619 2877 αότρῑ
639 2792 822 2879 βουλομένην
842 2790 935 2873 ἐνῆν,
956 2790 1124 2891 πλείστους
1146 2792 1176 2855 δ’

68 3076 195 3129 domibus
214 3077 293 3129 tectis
313 3077 431 3143 gaudens
451 3086 478 3130 et
497 3078 604 3147 fugiens
625 3084 711 3129 castra
730 3091 798 3145 quae
820 3075 1074 3143 tentoriis·flgendis
1093 3076 1176 3128 bunte

68 3148 115 3199 ubi
138 3150 219 3200 etiam
241 3147 341 3216 aliquid
359 3150 463 3214 accidit,
490 3151 560 3219 quod
580 3148 714 3217 prioribus
739 3162 793 3198 non
810 3148 897 3199 minua
916 3147 948 3198 ad
965 3146 1098 3197 infaustae
1117 3147 1176 3200 tor.

67 3226 152 3272 tunae
178 3234 257 3271 onren
286 3220 442 3285 pertineret.
486 3222 556 3290 ignis
583 3222 652 3271 eninr
677 3218 801 3270 alicunde
824 3216 917 3269 illatus
947 3218 1038 3269 domos
1057 3216 1129 3281 illas,
1147 3219 1176 3268 in

70 3292 169 3357 quibus
188 3306 237 3344 rex
255 3290 400 3355 habitabat,
419 3291 502 3343 inulto
522 3308 581 3344 cum
608 3292 737 3359 clangore
761 3304 890 3341 accensus
909 3288 1072 3341 devastavit:
1095 3296 1175 3356 atque

68 3362 146 3413 multi
173 3363 279 3431 quidem
306 3362 338 3413 ad
365 3364 564 3431 restiguendum
591 3378 649 3414 euru
668 3370 695 3413 et
713 3360 853 3413 delendum
875 3366 1077 3422 concurrerunt,
1095 3360 1175 3426 pauci

67 3442 158 3484 autem
187 3434 270 3501 regiis
294 3443 484 3486 succurrerunt
508 3434 597 3487 rebus.
643 3434 704 3502 equi
731 3434 800 3484 eninr
818 3432 901 3501 regis,
926 3439 1058 3501 quotquot
1076 3430 1176 3483 summa

69 3502 184 3556 aliorum
212 3506 329 3571 praemia
353 3506 539 3571 obtinuerant,
564 3514 590 3558 et
612 3520 745 3569 armorum
773 3520 842 3573 quae
868 3512 942 3555 erant
959 3503 1071 3553 maxime
1090 3503 1175 3554 aesti..

70 3584 149 3642 rnata,
171 3585 198 3628 et
216 3576 291 3627 frena
312 3585 338 3627 et
357 3578 426 3627 carri
446 3576 520 3629 cibus
534 3576 612 3630 simul
632 3578 703 3645 ignis
723 3576 793 3628 facta
811 3584 912 3628 suntet
930 3582 1017 3642 potus.
1052 3575 1102 3625 rix
1120 3575 1176 3642 igi.

70 3653 114 3699 tor
133 3655 280 3715 potuerunt
300 3648 427 3715 quaedam
448 3657 596 3700 ceterorum
617 3649 738 3716 effugere
757 3649 828 3715 ignis
847 3648 984 3713 impeturn.
1023 3644 1070 3695 alii
1088 3653 1177 3697 autem

74 3733 203 3785 equorum
231 3718 415 3787 mulorumque
444 3721 564 3772 semiusti
582 3720 656 3771 ibant
674 3721 701 3770 in
723 3718 842 3769 exercitu
867 3717 937 3768 nibil
956 3716 1023 3768 utile
1042 3716 1176 3783 praeben.

73 3796 132 3855 tes,
151 3791 333 3841 testimonium
353 3798 440 3840 autem
458 3789 630 3842 ostendentes
649 3788 712 3841 mali
732 3789 804 3857 quod
821 3789 906 3856 regiis
924 3786 1005 3838 rebus
1025 3788 1171 3853 acciderat,

75 3868 101 3910 et
118 3860 284 3931 significatae
296 3862 325 3912 in
344 3861 465 3914 omnibus
484 3862 678 3929 dispositionis.
717 3861 765 3912 sed
783 3858 850 3911 baec
860 3859 965 3927 quidem
984 3867 1076 3925 postea
1089 3877 1176 3914 even.

74 3937 126 3983 turn
148 3932 307 3984 habuerunt.

172 4004 232 4056 Rex
251 4013 339 4056 autern
359 4014 540 4073 transgressus
552 4002 677 4071 Sagarem
696 4001 807 4054 fluvium
826 4017 875 4068 per
892 4010 1011 4069 pontem,
1031 4004 1076 4074 qui
1094 4005 1177 4058 Zom.

76 4085 123 4136 pus
142 4074 248 4139 dicitur,
269 4077 359 4145 eoepit
377 4076 486 4128 relictas
506 4075 639 4142 colligere
658 4075 741 4126 vires.
781 4080 857 4124 erant
869 4075 937 4125 eninr
947 4075 1046 4129 milites
1063 4076 1177 4145 dispersi

75 4143 102 4193 in
129 4146 243 4199 collibus
275 4156 302 4199 et
327 4148 444 4201 vallibus
473 4156 499 4199 et
526 4146 636 4199 latebris
662 4144 817 4213 quibusdam
849 4154 876 4197 et
903 4148 1037 4213 specubus
1067 4156 1177 4216 propter

76 4227 302 4271 commemoratum
326 4229 404 4272 antea
422 4219 594 4272 barbarorum
618 4219 754 4286 impetum.
792 4217 916 4271 collectis
934 4219 1026 4287 igitur,
1046 4222 1178 4286 quotquot

135 4330 215 4388 ΙίοΙι.
232 4330 316 4385 Auat.
336 4332 402 4391 Hice.
950 4331 982 4387 10
