2834 4750
490 300 732 376 νιεοοωλ.
1104 298 1178 391 aso
1268 378 1276 390 ,

37 465 118 534 τοῖς
146 451 248 540 ὅλοις
274 457 484 543 ἀπαγορεύων
505 465 560 526 καί
578 465 633 546 τής
661 464 828 544 βασιλικῆς
858 464 976 549 ε’κείνης
996 462 1181 552 λαμπρότη-

38 582 100 634 τος
138 559 204 624 καί
234 563 296 644 τῆς
331 565 446 644 μέχρις
485 562 623 647 ούρανοῦ
648 562 833 650 φθανούσης
863 565 973 647 δύξης,
1001 567 1181 646 μᾶλλονδὲ

39 661 103 742 τής
140 660 242 744 ὑπὲρ
280 663 344 724 τοῖν
360 659 531 743 Ῥωμαίων
565 665 787 749 α’νδρογαθιάς
813 666 946 728 τοιαύτα
972 663 1182 747 κομιούμενος

38 758 84 823 τοὶ
115 761 299 845 ἐπίχειρα.
343 765 517 848 προαχθείς
546 755 601 828 ούν
624 766 656 829 έν
684 765 809 840 εύτελεῑ
834 763 878 853 τῷ
905 763 1064 851 ὑποζυγίῳ
1083 769 1180 849 μέχρι

11 863 103 943 5τής
131 860 375 956 ῌροποντίος
399 863 511 947 αύτής,
534 861 639 950 τύσπερ
664 868 780 948 πταῖμα
801 864 935 950 σεσηπὸς
955 868 1085 945 εἵλκετο,
1106 863 1181 943 τούς

38 964 108 1043 μέν
137 960 352 1048 ὀφθαλμούς
373 971 673 1049 κατορωρυγμένους
699 965 791 1050 έχων,
816 967 874 1050 τήν
897 970 933 1032 δὲ
958 963 1100 1052 κεφαλήν
1120 965 1180 1031 σύν

41 1070 114 1137 τοῖς
144 1062 345 1146 προσώποις
376 1057 591 1153 έξιρδηκυίαν,
623 1071 679 1132 καί
706 1066 870 1153 σκώληκας
900 1071 1034 1133 ἐκεῖθεν
1056 1065 1181 1147 δεικνύς

42 1158 322 1244 ἀποπίπτοντας.
376 1167 556 1254 ήμέρας’δ’
593 1171 700 1254 σ’λίγοις
734 1167 892 1234 διαλιαοδν
924 1167 1095 1243 ἐπωδύνως
1125 1164 1332 1232 τδν1071οολ.

42 1273 151 1350 βιον,
196 1269 260 1334 καί
286 1268 345 1350 πρὸ
383 1272 438 1352 τής
469 1275 615 1354 τελευτῆς
643 1271 789 1355 σ’δωδαύς,
813 1271 995 1352 ἀπολείπει,
1024 1272 1063 1360 τῇ
1095 1267 1180 1359 νήσῳ

5 1373 87 1458 lory}
115 1367 261 1456 Προύτη
293 1368 348 1436 τὸν
380 1373 461 1452 χούν
493 1373 690 1452 ἀποθέμενος
721 1376 801 1437 κατὰ
834 1369 891 1455 τήν
923 1374 1038 1455 ταύτης
1071 1368 1180 1460 α’κριύ.

45 1497 167 1556 ρειαν,
201 1469 286 1536 ἔνθα
315 1475 384 1538 νέον
419 1473 534 1548 ἐκεῖνος
556 1474 703 1553 ἐδείματο
726 1471 989 1557 φροντιστήριον,
1013 1473 1183 1557 κηδευδείς
1237 1558 1240 1563 ¹
1309 1462 1316 1471 ¹

44 1577 112 1660 μὲν
137 1573 342 1646 πολυτελῶς
356 1571 445 1654 παρὰ
471 1575 526 1655 τῆς
548 1576 622 1658 πρίν
636 1576 801 1654 βασιλίδος
821 1576 877 1637 καί
889 1569 1181 1659 ύμευνέτιδοςΕύ-
1288 1601 1296 1645 t

48 1677 200 1757 δοκίιις,
236 1676 293 1756 τῆς
327 1674 385 1734 τού
406 1674 594 1756 κρατοῦντος
617 1672 736 1756 μητρὸς
760 1673 876 1757 (ἐκείνη
897 1672 958 1757 γάρ
983 1675 1181 1760 αἰτησαμένη

48 1775 108 1840 τὸν
133 1771 217 1840 υἱὸν
244 1771 301 1856 τήν
331 1773 571 1859 νήεον-ταύτην
604 1780 794 1856 καταλαβεῖν
815 1777 913 1863 τούτῳ
941 1773 981 1839 τύ
1006 1780 1060 1859 τῆς
1089 1773 1181 1851 ὁσίας

6 1874 279 1962 15φιλοφρύνως
311 1875 468 1960 ἐτέλεσε),
499 1875 626 1960 μνήμην
654 1879 689 1940 δὲ
711 1875 895 1940 καταλιπών
920 1885 990 1950 4τοῖς
1011 1879 1197 1956 μετέπειτα,

49 1979 123 2048 τῶν
138 1979 205 2040 τοῦ
220 1971 296 2056 Ἰύβ
309 1969 430 2040 ἐκεινου
448 1975 699 2059 δυστυχημάτων
717 1974 972 2060 ύπερβαίνουσον
987 1972 1045 2058 τήν
1061 1973 1183 2056 οἷκρόα-

54 2102 125 2144 σιν.
184 2080 283 2141 τούτο
317 2078 351 2140 δὲ
384 2072 650 2158 θαυμασιώτατον
683 2072 752 2157 ἅμα
786 2078 841 2141 καί
868 2062 1089 2158 γενναιότατον
1117 2082 1317 2150 τοῑςίλθάτ.
1349 2127 1355 2140 ,

55 2180 142 2244 πᾶσι
156 2181 305 2263 διήγημα
321 2183 557 2259 καταλέλοιπεν,
573 2171 624 2242 δτι
645 2179 698 2242 έπί
712 2187 776 2253 τοῖς
788 2173 980 2262 τηλικούτοις
993 2186 1182 2263 πειρασμοῖς

58 2283 121 2344 καί
153 2279 396 2360 α’παραμίλλοις
434 2288 540 2354 κακοῖς
579 2280 670 2344 ούδέν
701 2275 893 2365 βλάσφημον
927 2270 949 2361 ή
977 2278 1183 2364 μικρόψυχον

13 2377 313 2468 λθοῖπεφθέγξατο,
338 2382 406 2445 αλλ’
435 2382 637 2464 εὐχαριστῶν
660 2382 794 2445 διετέλει
814 2379 871 2446 καί
892 2381 1017 2464 χρόνων
1037 2379 1183 2466 προσθή-

63 2506 125 2568 κην
158 2480 321 2567 ἐπιζητῶν
349 2485 383 2548 έν
411 2490 538 2567 κακοῖς,
569 2485 620 2547 ἵνα
645 2474 999 2569 εύορεστήσηςιγησίν,
1021 2484 1066 2569 τῷ
1087 2473 1183 2567 ποιή-

60 2609 172 2666 σαντι,
200 2580 258 2649 τύν
278 2588 333 2669 τῆς
354 2583 518 2669 α’σκήσεως
542 2583 658 2669 δρόμον
679 2583 818 2649 διανύων
840 2582 1081 2667 ε’πιπονιύτερον.
1141 2655 1144 2661 ,

173 2685 260 2755 Ἀλλ’
282 2684 298 2751 ὃ
321 2689 381 2769 μέν
402 2688 435 2753 έν
460 2683 621 2763 τοσούτοις
643 2684 781 2771 ύνιαροῖς
808 2683 844 2750 τύ
869 2688 926 2772 ζῆν
947 2688 1181 2774 καταστρέψας,

147 2820 194 2878 14.
217 2822 368 2885 ὀστέοις-0.
397 2842 399 2846 ·

69 2944 169 3013 bilem,
191 2942 379 3013 semimortuus
392 2945 517 2998 iacebat?
532 2954 610 2999 antea
627 2948 680 3000 iam
699 2946 837 3001 conlectus
856 2947 903 3000 vel
920 2947 1023 3012 morbo,
1041 2955 1097 3000 tum
1115 2962 1182 3002 vero

69 3018 201 3073 omnibus
225 3034 254 3071 se
274 3017 399 3070 abdicans
418 3026 557 3086 postquam
577 3027 605 3071 et
627 3018 697 3086 regii
716 3017 791 3087 illius
810 3018 959 3085 splendoris
980 3020 1058 3069 etad
1077 3018 1183 3070 coelum

68 3106 160 3160 usque
182 3098 291 3143 erectae
310 3089 424 3157 gloriae,
444 3098 524 3159 atque
543 3091 609 3142 adeo
636 3090 792 3141 meritorum
812 3090 845 3142 de
865 3090 973 3143 Graecis
992 3104 1100 3141 suornm
1117 3089 1184 3141 talia

70 3165 184 3231 accepit
204 3162 330 3230 praemia.
374 3162 472 3214 Vectus
496 3163 579 3231 igitur
607 3160 723 3227 simplici
747 3161 865 3212 iumento
884 3176 970 3229 usque
988 3160 1020 3211 ad
1037 3161 1183 3227 Proponti-

71 3235 144 3298 dem,
159 3235 238 3303 quasi
252 3234 367 3285 cadaver
379 3241 535 3301 putrescens
551 3232 714 3297 trahebatur,
735 3230 829 3284 oculos
840 3233 962 3284 defossos
975 3233 1084 3297 babens,
1104 3240 1183 3299 caput

72 3314 164 3357 autem
176 3323 237 3359 cum
249 3321 296 3358 ore
313 3306 494 3370 tumefactum,
516 3314 542 3356 et
557 3320 661 3356 vermes
671 3305 734 3355 inde
751 3303 879 3357 exhibens
898 3305 1070 3357 decidentes:
1089 3307 1182 3371 paucis

72 3385 164 3429 autem
186 3378 279 3430 diebus
294 3378 452 3431 intermissis
465 3379 564 3430 misere
589 3378 670 3428 vitam
694 3383 774 3444 atque
794 3384 855 3427 ante
868 3386 979 3428 mortem
998 3376 1076 3430 olens
1095 3376 1182 3429 relin-

74 3449 144 3516 quit,
164 3449 271 3502 insulae
280 3450 376 3502 Protae
397 3448 527 3521 (primae)
548 3448 700 3516 sepulcrum
719 3447 825 3500 tradens
844 3450 872 3499 in
891 3449 948 3500 eius
967 3451 1041 3517 iugo,
1061 3449 1107 3500 ubi
1128 3464 1182 3499 nu.

75 3534 125 3585 per
146 3521 199 3574 ille
220 3522 410 3573 monasterium
430 3522 666 3585 exaedificaverat3
695 3527 801 3572 curatus
825 3522 965 3589 magnifice
991 3522 1116 3588 apriore
1134 3537 1181 3573 re..
1238 3552 1241 3562 ι
1278 3566 1284 3571 .

73 3592 139 3658 gina
160 3601 188 3644 et
216 3609 300 3645 uxore
325 3592 446 3644 Eudocia
470 3594 639 3659 imperatoris
664 3600 763 3643 matrer
790 3592 853 3661 (illa
878 3594 948 3643 enim
967 3609 983 3643 a
999 3591 1056 3643 filio
1076 3601 1181 3660 petens,

75 3670 105 3713 ut
125 3663 241 3716 insulam
267 3664 336 3715 hanc
355 3671 516 3730 occuparet,
542 3664 605 3714 huic
632 3680 676 3717 res
700 3663 845 3731 religiosas
872 3663 1008 3715 benevole
1032 3665 1148 3731 perfecit
1157 3668 1180 3734 r)

76 3742 158 3803 atque
178 3738 331 3788 memoriam
343 3734 498 3802 relinquens
520 3738 645 3801 posteris,
665 3751 733 3803 quae
745 3733 864 3803 'glorium
883 3734 1012 3787 malorum
1030 3735 1088 3787 lobi
1106 3735 1182 3787 illius

77 3808 232 3859 excederet.
271 3807 322 3859 hoc
346 3814 434 3859 autem
454 3806 677 3859 mirabilissimum
696 3806 774 3859 simul
795 3816 822 3857 et
846 3805 1181 3862 nobilissimumomnibus

77 3888 263 3945 argumentum
281 3878 412 3946 reliquit,
440 3877 510 3947 quod
538 3880 565 3928 iu
592 3880 672 3929 tantis
695 3877 936 3945 periclitationibus
957 3886 983 3929 et
1001 3879 1181 3947 singularibus
1270 3929 1277 3945 ,

77 3949 154 4003 malis
173 3950 242 4003 nibil
261 3951 336 4017 impii
355 3958 401 4002 aut
419 3958 500 4001 tenue
518 3950 711 4016 pronuntiavit,
730 3949 778 4000 sed
795 3951 906 4017 gratiam
925 3949 1028 4001 referre
1048 3966 1180 4017 perseve-

78 4020 153 4074 rabnt
172 4032 200 4075 et
227 4023 355 4089 temporis
374 4023 556 4073 accessionem
583 4036 714 4089 quaerere
740 4021 768 4070 in
787 4020 864 4071 malis
882 4028 912 4071 ut
932 4020 1068 4089 placeret,
1087 4023 1133 4088 ait,
1156 4023 1182 4076 ei

80 4092 125 4158 qui
144 4096 330 4161 proposuisset
347 4094 502 4145 tentationis
522 4108 635 4155 cursum,
655 4093 685 4169 εἰΙ
697 4091 840 4158 perliceret
858 4108 918 4143 eam
937 4092 1081 4147 laboriose.

180 4182 232 4241 Sed
254 4183 297 4234 hic
316 4183 421 4253 quidem
433 4190 572 4250 postquam
591 4182 618 4233 in
636 4183 716 4235 tantis
734 4182 831 4235 misere
853 4184 933 4238 vitam
952 4184 1048 4265 linivit,
1068 4183 1180 4245 multum
