2834 4750
438 157 441 164 ,
538 133 553 158 0

260 275 308 349 so
382 248 385 254 ’
453 255 455 262 ’
566 225 784 346 dicemus
811 270 1073 344 immersu

259 440 394 527 ἑορτῆς,
415 439 471 506 καὶ
489 443 572 525 μηδὲ
592 439 685 524 λόγου
708 442 859 523 τυχόντες
879 443 977 526 χερσὶ
995 442 1118 522 δημίων
1137 436 1216 513 τούς
1238 435 1376 522 ὀφθαλ-

257 540 338 622 μούς
361 541 605 623 ἀποβάλλουσιν.
660 538 787 624 ἑτέρους
815 543 854 604 δὲ
872 543 927 623 τῆς
948 542 1145 615 οἷποστασιάς
1168 535 1375 627 σομμιλστας

258 637 275 704 e‘
296 640 447 722 βασιλεὺς
468 645 514 717 οἷς
529 647 622 724 σαῖμα
643 642 777 712 ιιολάσαι
799 643 858 704 oris
876 638 1068 730 ηιίιονόμησε,
1084 641 1170 728 φυγή
1191 643 1229 704 δὲ
1251 636 1375 715 αιλτοιλς

246 741 314 806 ‘aet'
335 741 488 828 δημεύσει
514 744 761 829 προσιζημλωσε.
1277 808 1282 815 .

293 846 427 907 Καὶ
446 841 559 923 τὰμὲν
579 848 634 928 τής
655 847 825 927 ἐπιβουλῆς
845 845 988 908 τοιοῦτον
1004 840 1079 927 ἔσχε
1100 842 1136 907 τὸ
1158 836 1256 916 τέλος.
1282 843 1372 906 Ene-
1358 852 1395 903 -5

257 952 315 1010 θαι
338 946 382 1024 δι’,
405 967 460 1020 οος
485 943 711 1025 Πατζινιὲιιοος
730 937 855 1009 eides
837 971 854 1008 ο
878 942 1028 1030 δημώδης
1060 943 1161 1026 λόγος
1168 950 1290 1048 καλεῖν,
1315 944 1374 1006 τὸν

249 1037 369 1128 Ἴστρον
390 1068 534 1127 παγγινει
528 1044 717 1127 διαβάντες
731 1048 799 1124 μετ’
818 1070 856 1108 ev
878 1043 958 1108 πολο
979 1053 1044 1121 τοῖς
1060 1042 1287 1128 Ῥωμαϊκοῖς’
1270 1041 1374 1128 ὀγιια-

256 1147 457 1228 τισιιήνωσαν
489 1144 617 1226 τόποις,
646 1149 734 1226 γένος
756 1149 828 1210 α’νιδ
850 1147 954 1230 πάσης
985 1139 1083 1231 ἄλλης
1114 1145 1290 1230 ἐπιστήμης
1316 1169 1373 1208 και

263 1249 376 1328 τέχνης
395 1241 452 1325 τήν
470 1248 544 1325 μεθ’
567 1240 673 1309 δ’πλιον
695 1246 872 1331 ἐπιδρομήν
898 1245 1040 1331 ήσιιηιιὸς,
1061 1244 1117 1310 καὶ
1136 1247 1207 1327 βίον
1228 1242 1308 1328 ἔχον
1333 1239 1371 1308 ιδ
1412 1254 1413 1281 ³

256 1347 290 1410 ἐν
311 1345 457 1434 ῥομφαίᾳ
480 1344 534 1409 καὶ
558 1343 638 1432 τόξῳ
662 1344 718 1408 καὶ
734 1349 820 1425 βέλει
842 1347 986 1428 συνεχῶς
1017 1349 1141 1431 διαζῆν,
1161 1350 1315 1428 μυσαρὸν
1335 1345 1413 1412 diffl¹

256 1443 295 1510 ui
323 1446 402 1530 πρὸς
424 1445 459 1512 τό
492 1450 549 1530 ζήν
579 1446 634 1509 καί
655 1444 714 1528 τήν
734 1441 832 1532 ἄλλην
851 1445 1029 1569 διαγωγήν,
1059 1453 1113 1512 καὶ
1133 1452 1370 1532 μιαροφαγιαῖν
1412 1488 1413 1537 ι

257 1544 452 1626 ονδαμοός’
431 1546 638 1628 απεχόμινον.
683 1551 777 1612 τοῦτο
795 1551 917 1634 πονηρᾷ
937 1572 997 1613 τινι
1018 1547 1098 1636 τιλχη
1117 1557 1179 1623 τοῖς
1193 1546 1413 1629 Ῥωμαίοις

257 1643 495 1726 ἐπεισκωμάσαν,
518 1641 619 1728 δριόις
643 1645 742 1711 πολλοὶ
767 1646 855 1712 δεινοὶ
887 1673 940 1712 και
963 1648 1045 1773 λόγῳ
1069 1645 1206 1734 ῥηθῆναι
1229 1648 1372 1729 καθεξης
1412 1644 1413 1727 i

255 1745 298 1831 μή
322 1749 518 1828 derepere
503 1773 535 1824 ες
563 1741 697 1832 {intepet
718 1750 927 1832 διαπέπραχε.
977 1753 1054 1824 ιε’ως
1082 1751 1111 1812 δ’
1136 1742 1193 1812 ουν
1215 1747 1270 1831 τής
1292 1771 1413 1831 περι
1412 1770 1413 1791 ³

257 1843 375 1912 ιοιὶἒων
408 1853 517 1934 φήμης
548 1849 786 1932 ἑπιδραμοιλσης
816 1873 875 1924 τας
906 1848 982 1934 πρὸς
977 1846 1093 1932 ’ήλιον
1114 1848 1246 1933 λήγοντα
1269 1844 1413 1919 δανιι
1379 1857 1413 1909 11

257 1969 327 2028 μιις
348 1945 364 2011 ὅ
384 1948 537 2029 βασιλεὺς
560 1951 669 2022 αιίιοῖς
698 1947 900 2032 ἐπεστήσατο.
952 1947 982 2014 οἱ
1005 1952 1041 2014 δὲ
1062 1951 1118 2033 ιής
1139 1973 1174 2013 τε
1195 1945 1372 2029 ἀλλοτρίας
1397 1962 1413 2039 η

257 2044 303 2112 ἔτι
325 2051 521 2123 καθεστῶτες
551 2049 742 2134 surriperet,¹
767 2053 822 2113 καί
841 2050 923 2138 νόσῳ
954 2048 1103 2131 λοιμώδει
1123 2046 1372 2132 καταιρνχόμι-
1412 2050 1413 2103 ἒ

162 2218 167 2226 ,
258 2169 324 2230 aot,
352 2145 523 2231 οἷσονήδως
546 2152 580 2214 δὲ
604 2149 660 2214 sui
688 2150 768 2232 πρὸς
790 2151 847 2225 τὰς
871 2148 1053 2231 Ῥωμαϊκὰς
1083 2148 1246 2235 φάλαγγας
1279 2147 1371 2212 οἷνιι-
1412 2172 1413 2177 ¹

260 2246 496 2330 στρατεύεσθαι
524 2247 664 2333 ἔχοντες,
693 2259 807 2335 χεῖρας
828 2256 888 2332 μὲν
915 2251 1050 2334 δντιὶραι
1072 2248 1196 2325 τούτοις
1216 2243 1277 2312 οὐκ
1297 2251 1371 2313 ἐδο-
1412 2292 1413 2297 1

202 2420 211 2433 Χ
260 2349 409 2433 αι’μασαν,
431 2347 507 2429 τούς
530 2353 565 2415 δὲ
588 2351 751 2437 α’ρχηγοὺς
776 2351 884 2417 αὐτῶν
905 2356 959 2417 καὶ
981 2350 1272 2437 συνταγματάρχας
1294 2349 1403 2415 div-2⁰

260 2472 312 2525 τες
336 2452 497 2535 ἐνέχυρον,
519 2454 575 2516 καί
596 2452 753 2518 δούλωσιν
779 2449 881 2530 οὕτως
895 2453 1156 2536 ὑποκρινάμενοι,
1177 2456 1372 2539 φιλανθρω-

260 2550 333 2625 πίας
356 2550 502 2659 insides
524 2554 726 2637 τυγχάνουσι.
769 2553 824 2618 καὶ
843 2556 935 2631 λύσις
952 2552 1020 2620 τότε
1040 2559 1096 2639 τῆς
1116 2556 1268 2638 στρατιᾶς
1291 2555 1370 2617 δια.
1412 2605 1413 2626 2

229 2716 234 2726 ι
332 2734 581 2865 λαμμύσιὸιςῦ.
656 2740 698 2792 11.
718 2740 966 2813 μιαροφαγολνῦ.
986 2741 1108 2795 correxit
1120 2739 1263 2794 Brunetus
1324 2740 1369 2793 15.

333 2810 470 2882 λήγοντας

193 2974 207 3006 Ψ
264 2988 290 3035 et
316 2982 458 3037 salvatoris
484 2986 569 3036 nestri
590 2984 653 3037 Iesu
680 2984 778 3038 Christi
804 2993 884 3053 atque
915 3001 950 3037 ne
973 3000 1123 3038 sermonem
1148 2938 1253 3052 quidem
1275 2985 1370 3070 adepti

262 3055 380 3108 manibus
401 3056 552 3108 carnificum
572 3056 665 3109 oeulos
685 3058 822 3119 amittunt,
842 3055 910 3108 aiios
928 3065 1016 3107 autem
1036 3056 1190 3106 deiectione
1209 3055 1319 3107 simui'
1310 3060 1368 3107 mi.

262 3128 341 3179 tiates
360 3144 409 3179 rex
427 3136 541 3195 corpore
560 3129 649 3195 puniri
666 3144 720 3180 non
741 3129 834 3191 iussit3
860 3127 943 3179 exilio
966 3136 1053 3179 autem
1074 3142 1120 3178 eos
1137 3134 1165 3177 et
1182 3126 1368 3230 publicatione

283 3201 378 3253 univit.

263 3215 280 3265 p
361 3272 449 3338 Atque
469 3271 564 3323 seditio
581 3272 661 3322 talem
679 3271 772 3323 hebuit
793 3272 900 3322 exitum.
939 3270 1055 3337 Scythae
1075 3264 1173 3333 autem,
1192 3283 1259 3337 quos
1273 3268 1367 3321 Patai-

263 3356 345 3393 naeos
364 3342 434 3395 solet
453 3344 597 3393 eommunis
617 3357 703 3395 sermo
725 3344 893 3426 nominare,
890 3343 997 3393 -lstrum
1021 3358 1081 3404 eum
1100 3350 1156 3392 tote
1174 3348 1255 3409 gente
1273 3348 1367 3392 traus-

263 3415 350 3483 gressi
376 3429 431 3464 non
457 3416 496 3463 ita
525 3414 609 3464 multo
638 3423 714 3480 post,
740 3416 767 3465 in
793 3414 902 3467 Graecis
922 3421 1008 3465 cestre
1027 3421 1174 3479 posuerunt
1193 3411 1277 3463 loeis:
1298 3428 1367 3481 gens

263 3501 311 3554 pro
332 3487 403 3537 omni
422 3484 475 3536 alia
495 3485 607 3536 scientia
627 3493 653 3536 et
671 3492 728 3536 arte
746 3500 877 3536 armorum
895 3486 1076 3537 incursionem
1097 3491 1255 3535 exercuerat
1273 3491 1302 3533 et
1321 3485 1367 3535 vi-

263 3566 306 3611 tae
325 3572 410 3627 genus
429 3556 588 3609 hebebatid
606 3557 680 3607 utin
699 3554 790 3624 gladio
811 3565 840 3607 et
861 3573 925 3608 areu
947 3563 974 3607 et
997 3553 1087 3607 iaculo
1107 3562 1260 3607 constanter
1278 3554 1367 3623 dege-

263 3639 315 3693 ret,
335 3630 441 3681 sordida
466 3636 553 3679 eutem
582 3628 610 3678 in
628 3628 684 3679 vita
710 3637 738 3679 et
755 3628 829 3679 onitu
848 3628 918 3692 aiio,
949 3635 977 3677 et
994 3629 1155 3710 impurorum
1177 3626 1297 3676 ciborum
1319 3641 1368 3677 esu

263 3702 371 3753 minime
388 3700 534 3755 abstinens.
566 3698 633 3751 haee
658 3700 756 3752 misera
785 3699 896 3767 quadam
921 3698 1060 3749 fortune'
1053 3714 1081 3748 ιιι
1106 3698 1250 3751 Graecos'
1241 3712 1367 3765 ingressa

264 3772 330 3823 dues
349 3773 431 3823 multa
451 3772 583 3824 horrenda
605 3779 630 3822 et
650 3786 718 3839 quae
742 3773 865 3821 oratione
895 3771 947 3823 diei
973 3771 1099 3836 deinceps
1118 3784 1171 3820 uon
1190 3768 1294 3836 possint
1314 3783 1366 3836 po.

266 3851 323 3896 stea
342 3846 516 3910 perpetravit.
561 3858 620 3893 eum
641 3844 723 3911 igitur
748 3842 817 3894 fama
836 3842 935 3894 de‘his
954 3849 1134 3908 percurreret,
1153 3842 1226 3892 vires
1245 3856 1315 3908 quae
1335 3839 1367 3890 ad

266 3914 395 3965 orientem
415 3930 429 3964 a
447 3914 521 3965 belle
546 3914 700 3981 cessabant,
728 3930 777 3965 rex
796 3915 830 3965 iis
856 3915 989 3981 opposuit.
1032 3913 1075 3963 illi
1103 3920 1192 3964 autem
1210 3912 1367 3963 inimicitiae

266 3986 400 4037 etiamtum
426 3985 543 4050 imperit-i
569 3994 595 4037 et
619 3986 711 4037 morbo
739 3985 869 4051 pestifero
895 3985 1010 4036 eonieeti
1035 4000 1124 4052 neque
1144 3984 1267 4034 consueti
1287 3985 1367 4033 etiam

267 4065 358 4109 eontra
377 4055 492 4109 Graecas
517 4055 664 4125 phalanges
690 4056 804 4121 bellare,
824 4072 915 4109 manus
940 4063 1031 4107 contre
1051 4054 1100 4106 hos
1118 4054 1218 4106 tollere
1235 4068 1290 4105 non
1310 4064 1366 4106 sta.

265 4136 383 4195 tuerent,
404 4128 485 4179 duces
506 4134 593 4178 autem
608 4144 670 4181 suos
691 4136 719 4178 et
737 4130 870 4195 agminum
887 4128 1018 4195 primores
1036 4142 1095 4180 cunr
1114 4127 1252 4178 dedissent
1267 4133 1297 4177 ut
1316 4126 1366 4178 ob.

265 4201 352 4268 tides,
379 4207 406 4253 et
434 4198 628 4255 subiectionem
646 4200 683 4252 ita
700 4206 962 4266 repraesentassent,
990 4198 1179 4251 humanitatem
1196 4197 1261 4250 inde
1278 4198 1366 4267 adipi-
