2834 4750
253 265 324 336 roo
549 263 770 331 urcnnnnrs
798 217 1070 374 amantornu

249 437 421 518 ἐνεδείχθη
444 432 532 518 παρά
558 437 614 517 τῆς
634 435 813 515 βασιλίδος,
836 427 1054 515 προελθούσης
1075 427 1263 508 βασιλικῶς
1287 421 1374 504 μετιὶ

250 538 312 600 τών
334 537 423 600 ἰδίων
443 537 579 618 παίδων,
600 531 642 609 ώς
664 533 737 607 ε”θος
760 542 823 608 τοῖς
844 535 1043 614 βασιλεῦσιν,
1065 531 1110 603 εἰς
1131 523 1189 591 τὸν
1211 529 1374 608 μέγιστοι

196 686 200 691 -
251 632 346 720 σηκὸν
369 640 424 718 τῆς
448 639 504 700 τού
524 640 604 700 θεοῦ
626 640 754 721 σοφίας.
1012 716 1017 721 .
1131 641 1135 645 ’

342 730 501 821 ’Ἀνάγκης
524 741 558 800 δὲ
578 739 692 820 πολλῆς
715 737 769 798 καί
787 729 973 816 συγχύσεως
994 735 1029 797 ἐκ
1051 735 1103 812 τῆς
1125 731 1190 794 :ab
1216 727 1373 812 α’λλοφύ-

116 843 136 897 i·
157 841 208 896 187
217 859 240 895 r·
250 842 313 901 λοον
337 839 438 900 ε’θνών
461 836 679 921 άπηνεστάτης
698 837 873 918 ἐπιδρομῆς
894 835 956 916 την
967 832 1136 913 Ῥωμαίων
1163 827 1393 911 συμπιεζού,ὀ

134 919 136 928 ,
251 962 308 1022 οης
330 940 401 1022 (καί
419 937 480 1020 ’γάρ
513 936 550 1000 τά
571 939 687 1019 μέν’έν
706 944 770 1010 τοῖς
800 939 913 1010 νοτιόις
934 937 1074 1018 μέρεσιν,
1095 928 1155 996 ὅσα
1180 929 1271 1014 πρδς
1296 933 1373 996 Ἀν-

250 1039 393 1124 τιόχειαν
427 1039 481 1102 καί
504 1041 674 1119 Κιλικίαν,
695 1045 766 1110 ταῖς
790 1038 1033 1118 προειρημέναις
1067 1035 1250 1114 ἐκδρομαῖς
1274 1032 1371 1097 olusa-

250 1139 366 1226 ρηκότα
389 1143 421 1204 ἐν
444 1129 591 1220 ἐσχάτοις
625 1129 705 1221 ἦσαν
728 1135 900 1208 κινδύνοις·
943 1139 976 1197 έν
999 1135 1034 1196 δέ
1055 1142 1118 1206 τοῖς
1139 1136 1366 1215 βορειοτέροις

251 1240 348 1314 αύτὸς
369 1236 569 1312 δσουλτάνος
587 1236 785 1322 πανστρατιᾷ
797 1233 978 1317 ἐξελήλυθε,
998 1232 1150 1315 δυνάμεις
1166 1224 1267 1315 ἄγων
1290 1234 1368 1296 ἀνν-

251 1341 433 1427 ποίοισινςχΙ
451 1341 505 1402 καί
525 1345 589 1413 τοῖς
616 1335 715 1420 ὁρίοις
738 1333 785 1398 ἐν’
803 1337 846 1422 τῷ
880 1337 1074 1422 φθινοπώρῳ
1104 1337 1167 1397 τών
1189 1332 1398 1415 Ῥωμαιάνίο

250 1435 456 1523 προσήνωτο,“
477 1435 663 1520 βουλόμενος
692 1430 939 1519 παραχειμάσαι
971 1433 1073 1500 ἐκεῖσε
1100 1436 1154 1497 καί
1174 1435 1364 1519 ἀρχομένου

248 1544 306 1604 τού
326 1537 429 1623 ζέαρος
464 1539 629 1621 προσεχώς
661 1541 854 1620 προσβαλεῖν
886 1537 940 1600 καί
968 1529 1070 1619 άρδην
1105 1538 1304 1618 ἀνατρέψαι
1332 1529 1362 1598 τά

244 1637 412 1719 Ῥωμαίων
432 1637 487 1702 καί
507 1642 668 1723 καθελεῖν)
693 1639 858 1702 ἐσκέπτετο
891 1637 910 1720 ἦ
935 1635 1111 1720 Αύγοῦοτα
1132 1639 1190 1700 καί
1214 1637 1295 1701 ὅσοι
1317 1640 1364 1716 τῆς

250 1736 375 1823 πρώτης
406 1733 485 1822 ἠ’σαν
505 1741 633 1822 βουλῆς,
659 1737 720 1804 σύν
743 1741 849 1816 αύτσῖς
874 1743 909 1806 δέ
941 1743 995 1805 καί
1016 1739 1279 1826 δπατριάρχης,
1304 1746 1363 1814 πῶς

251 1839 307 1905 καί
329 1844 396 1906 τίνα
420 1833 538 1924 τρύπον
559 1840 705 1905 τοσούτον
727 1839 833 1905 δεινὸν
853 1841 1080 1924 α’ποτρέψαιεν.
1125 1843 1182 1904 καί
1207 1847 1362 1918 συνέδοξε
1371 1854 1393 1902 li

251 1938 307 2026 τὴν
327 1942 409 2026 susp
434 1945 496 2006 τών
522 1936 603 2006 ὅλων
621 1945 777 2024 κρατῆσαι
810 1940 981 2025 πρόνοιαν,
1007 1945 1062 2006 καί
1083 1946 1140 2026 τῆς
1161 1945 1294 2027 εἰδικῆς
1315 1944 1365 2006 καί

210 2068 216 2087 ·
250 2045 460 2107 έπιθανατίον
481 2047 692 2128 παραγγελίας
718 2042 751 2106 τά
775 2047 862 2127 κοινῇ
887 2049 1054 2128 συμφέρον
1084 2046 1361 2128 έπιεικώςπροιι-

250 2142 430 2225 μάσασθαι,
451 2137 499 2207 δτι
522 2142 561 2206 τά
584 2141 686 2208 εἰδικά
708 2141 869 2228 σύμφωνα
891 2143 928 2208 τά
953 2141 1033 2226 πρὸς
1065 2146 1223 2228 δημοσίαν
1248 2149 1360 2208 συντέ-

251 2247 338 2305 λειαν
367 2241 537 2326 ἀφορῶντα
570 2245 769 2326 περιτρέπειν
801 2242 1001 2328 δεδύνηνται·
1054 2242 1089 2308 τὸ
1115 2241 1176 2326 γάρ
1197 2243 1247 2327 μὴ
1277 2250 1360 2326 γίνε-

251 2345 330 2408 σθαι
354 2343 487 2422 βασιλέα
523 2340 576 2407 διά
599 2342 654 2407 τδν
676 2345 729 2424 τῆς
758 2346 872 2424 μίξεως
891 2347 984 2429 ζῆλον
1006 2343 1092 2428 κοινὴ
1123 2345 1284 2430 συμφορά
1308 2349 1391 2409 uuili

251 2444 438 2523 καθαίρεσις
464 2446 518 2525 τῆς
537 2437 704 2525 Ῥωμαίων
726 2443 829 2528 ἀρχῆς
850 2446 1046 2527 ἐγινώσκετο.
1079 2440 1253 2523 δύξανμύν
1277 2441 1357 2509 ούιον

250 2538 438 2627 κεκράτηκεν
460 2539 625 2627 ἡτοιαύτη
645 2542 765 2627 γνώμη,
782 2545 836 2608 κατ’
848 2551 984 2625 βασιλέα
997 2552 1056 2627 μὲν
1078 2544 1094 2609 ὅ
1119 2545 1231 2631 καιρὸς
1255 2550 1357 2612 έδεῑτο

208 2712 212 2719 ,
252 2643 284 2716 ἐξ
308 2638 442 2716 άπαντος
456 2687 467 2716 ,
489 2644 519 2706 ει’
538 2642 646 2720 μέλλοι
676 2644 716 2707 τὰ
738 2642 904 2725 Ῥωμαίων
933 2643 979 2729 μη
1002 2647 1183 2712 ἀπολέσθαι
1204 2649 1249 2710 δι’
1271 2641 1355 2725 ὅλον,

267 2830 270 2838 ,
322 2791 349 2843 6.
370 2795 401 2850 ἐν
419 2808 469 2844 om.
490 2794 520 2847 G.
593 2792 619 2845 8.
639 2804 698 2854 τοῖς
717 2810 768 2847 om.
789 2796 819 2850 G.

171 2947 173 2953 ⁴
255 2951 294 2995 est
313 2960 328 2995 a
347 2946 440 3014 regina
459 2949 603 3001 accedente
623 2951 699 3018 regie
721 2953 855 3005 cumsuis
873 2953 967 3007 liberis
986 2963 1016 3007 ut
1032 2971 1090 3025 mos
1118 2966 1158 3008 est
1183 2959 1295 3026 regibus
1313 2962 1350 3011 'ad

252 3017 391 3068 maximum
409 3020 535 3086 templum
554 3022 702 3088 sapientiae
722 3023 774 3074 dei.

350 3087 517 3143 Necessitate
547 3102 635 3147 autem
660 3110 756 3163 magna
785 3102 811 3146 et
837 3096 995 3162 confusione
1020 3108 1130 3166 propter
1148 3102 1349 3168 peregrinorum

253 3160 411 3228 populorum
435 3160 599 3217 durissimam
624 3167 805 3219 incursionem
835 3167 994 3222 Graecorum
1019 3179 1115 3223 terram
1147 3180 1288 3237 premente
1318 3206 1349 3215 ..

254 3233 352 3283 etenim
371 3239 458 3285 terrae
484 3237 511 3286 in
529 3238 649 3303 partibus
667 3237 829 3291 australibus
847 3240 880 3290 ad
898 3241 1067 3293 Antiochiam
1087 3250 1114 3293 et
1132 3243 1257 3297 Ciliciam
1279 3261 1348 3295 com-

252 3306 404 3355 memoratis
429 3306 627 3360 incursionibus
647 3308 808 3377 defatigatae
826 3313 854 3362 in
874 3315 1000 3364 extremis
1020 3314 1195 3366 versabantur
1207 3317 1348 3380 periculis:

251 3376 279 3424 in
298 3377 553 3441 septentrionalibus
573 3388 660 3430 autem
678 3380 866 3445 ipsesultanus
887 3399 945 3433 cum
964 3392 1020 3435 toto
1042 3388 1161 3437 exercitu
1183 3387 1259 3451 exiit,
1280 3390 1347 3439 viras

252 3446 351 3497 ducens
371 3446 573 3513 intolerabiles,
594 3458 621 3499 et
638 3450 735 3501 linibus
753 3459 894 3503 auctumno
916 3455 1076 3507 Graecorum
1103 3458 1281 3522 adhaerebat,
1300 3474 1346 3510 vo-

251 3517 310 3570 lens
329 3517 447 3569 hiemare
466 3517 503 3569 ibi
524 3528 550 3569 et
568 3520 716 3585 incipiente
735 3537 801 3572 vere
819 3526 924 3575 assidue
944 3528 1063 3578 incidere
1077 3537 1103 3579 ct
1123 3530 1243 3581 funditus
1270 3546 1345 3582 evor-

249 3595 309 3640 tera
329 3588 489 3641 Graecorum
508 3597 605 3641 terram
626 3597 653 3640 et
671 3590 765 3641 delere
784 3625 819 3633 -
838 3596 1041 3649 considerabant
1055 3609 1171 3667 augusta
1190 3609 1217 3650 et
1236 3603 1345 3668 quicun-

251 3675 303 3726 que
322 3662 350 3709 in
368 3675 468 3713 summo
490 3668 691 3723 mantuanam,
711 3677 823 3730 cumque
848 3667 881 3717 iis
906 3670 1073 3736 patriarcha,
1100 3672 1233 3739 quomodo
1251 3681 1345 3723 tantum

250 3729 400 3795 periculum
420 3740 573 3784 averterent
597 3739 624 3781 et
641 3733 727 3783 visum
749 3743 803 3798 est,
830 3746 859 3787 ut
878 3742 1047 3805 providentia
1065 3745 1147 3794 totius
1167 3744 1302 3806 vinceret,
1322 3750 1346 3791 at

249 3799 346 3850 utilia
370 3804 491 3868 privatae
511 3811 537 3854 et
556 3802 725 3869 periculosae
745 3804 889 3865 hortationi
911 3827 1074 3863 communem
1093 3814 1236 3865 utilitatem
1255 3817 1344 3865 merito

251 3871 410 3936 anteferret,
431 3875 491 3940 quia
511 3876 635 3940 propriae
653 3874 843 3931 inclinationes
862 3897 893 3932 ea
912 3899 979 3950 quac
997 3885 1030 3935 ad
1048 3884 1182 3951 publicam
1202 3886 1343 3936 communi-

248 3949 330 3991 tatem
353 3952 483 4008 spectaut‚
504 3953 661 4011 pervertere
680 3958 832 4013 potuerunt.
870 3954 947 4022 quod*
960 3957 1030 4006 euim
1054 3972 1108 4007 non
1138 3966 1276 4008 crearetur
1298 3972 1342 4006 rer

248 4020 360 4079 propter
379 4016 497 4083 coniugii
516 4017 613 4083 odium,
634 4034 772 4073 commune
790 4023 887 4085 malum
907 4032 933 4076 et
952 4028 1083 4079 excidium
1097 4029 1207 4096 'imperii
1230 4029 1341 4081 Graeco-

248 4096 306 4133 rum
325 4085 496 4138 iudioabatur.
534 4088 585 4141 hoo
603 4092 685 4160 igitur
704 4096 774 4159 viso,
794 4097 916 4163 superior
936 4097 986 4148 fuit
1004 4098 1066 4150 talis
1092 4101 1235 4164 sententia,
1263 4109 1340 4150 etre-

208 4167 212 4178 ’
249 4169 309 4230 gem
334 4163 437 4225 tempus
463 4160 615 4229 postulabat
645 4166 763 4230 omnino,
796 4169 849 4218 nisi
881 4182 925 4219 res
952 4155 1076 4222 Graecae‘
1097 4174 1187 4239 perire
1214 4171 1338 4223 deberent
