2834 4750
239 243 299 328 ῦό·
544 242 764 314 micallius
794 234 1070 310 triduom

239 443 299 504 ρου
321 439 364 493 ως
386 438 449 480 των
472 408 554 478 κατά
575 404 692 474 σκοπόν
713 402 759 491 μη
789 398 1076 487 διαμαρτὴσοκτας.
1120 399 1301 486 ἠρίστευσε
1326 400 1363 464 δὲ

220 523 334 586 ,πλόον
355 517 417 582 τῶν
435 507 539 579 ἄλλων
560 534 613 575 και
636 504 787 592 κραταιὸς
815 506 849 568 όν
867 501 966 622 τούτφ
997 526 1041 589 apr
1025 503 1189 590 ’πολέμῳ
1212 502 1361 584 ε’δείχθη

241 643 293 684 και
289 612 503 701 περιβόητος
523 606 708 729 Νικηφόρος
727 604 902 689 μάγιστρος
935 601 951 666 ό
974 601 1253 685 Βοτανειάτης,’
1235 625 1272 664 εκ
1298 604 1360 683 γε’-

241 743 316 795 υους
334 717 416 800 ἔχων
437 713 613 799 ἐπιφανοῦς
635 707 669 774 τό
691 705 726 772 ἐν
748 713 816 781 ταῖς
837 706 1041 789 στρατηγίαις
1056 726 1109 768 και
1132 708 1200 778 τοϊς
1221 697 1360 787 α’νδρα-

241 817 428 904 μαθήμασιν
449 812 657 898 ἐκδηλότατον
680 833 733 872 και
727 806 912 885 όπιᾛδοξον
1364 808 1381 860 5

346 920 390 1006 Τῇ
421 919 486 982 δ”
471 914 603 999 επιούση
617 907 693 1030 τάς
726 905 878 988 δυνάμεις
900 904 1081 991 άνειληφοός
1112 906 1167 989 τῆς
1188 903 1271 1005 πρὸς
1294 899 1357 987 την

241 1019 393 1104 βασιλίδα
425 1011 587 1102 φερούσης
617 975 743 1094 η’πτετο.
799 1009 855 1072 καί
885 1007 946 1092 πρό
979 1011 1038 1070 τοῦ
1059 1014 1126 1081 τοῖς
1146 1003 1356 1089 προποκτίοις

197 1169 200 1184 .
242 1117 455 1204 προσεγγίσαι
468 1118 523 1198 τῆς
535 1107 665 1192 πόλεως,
683 1109 781 1193 βουλὴ
806 1109 894 1192 παρά
915 1131 1008 1174 τινων
1022 1109 1085 1172 ταῖν
1106 1109 1140 1172 ἐν
1160 1109 1244 1170 τέλει
1266 1104 1353 1170 κατά

242 1221 299 1284 τοῦ
323 1211 543 1330 βασιλεύοντορ
565 1214 599 1276 ἐν
623 1201 1002 1274 Κωνσταιτινουπόλει’
983 1203 1129 1327 ηρτύετο.
1152 1203 1215 1275 εἴτε
1235 1207 1273 1271 δὲ
1299 1229 1357 1272 και

244 1317 337 1402 ότης
358 1308 614 1430 ἀρχιερωσύνης
625 1305 767 1393 ἔξαρχος
798 1307 852 1373 καί
873 1305 1093 1428 πατριάρχης,
1125 1306 1145 1372 δ
1171 1290 1390 1392 Κηρόνλά-ιθ

244 1439 311 1502 ριος
328 1409 529 1497 κεκοινώνηκε
558 1409 683 1484 τούτοις
713 1411 767 1492 τῆς
794 1405 1012 1492 σκόψειος,”
978 1431 1042 1473 ειτε
1065 1431 1117 1472 και
1137 1432 1206 1493 μη,
1227 1398 1356 1523 άδηλοκ

244 1539 297 1580 και
318 1513 481 1599 προφανὲς
508 1512 615 1576 ου’δίν.
668 1532 755 1589 ομιτς
775 1512 805 1574 δ
827 1511 862 1573 ἐκ
884 1507 1077 1632 προληφεων
1105 1512 1159 1573 καί
1178 1508 1243 1572 ιιόν
1262 1504 1354 1588 μετά

243 1620 345 1682 ταῦτα
367 1613 619 1693 συνενεχθέντων
641 1608 679 1674 τά
704 1613 761 1693 τῆς
776 1605 929 1684 ύπονοίας
952 1610 998 1683 εἰς
1022 1605 1175 1693 άληδείας
1197 1605 1356 1690 άμυδράτ

244 1709 508 1802 προκεχωρήκασι
536 1705 696 1796 ἔμφασιν·
749 1715 805 1776 καί
833 1706 896 1795 γάρ
919 1711 962 1795 κρῖ
990 1710 1147 1796 Κομνηνρῖ
1176 1705 1217 1774 τά
1244 1705 1355 1773 πάντα

242 1813 469 1899 συνδιαφέρων
500 1803 540 1895 ἦν
569 1809 625 1874 καί
656 1810 872 1894 συμπράττων
901 1808 956 1874 καί
987 1810 1043 1892 τῆς
1073 1808 1198 1894 πριότης
1227 1810 1356 1891 βουλῆς
1365 1835 1389 1885 lt

242 1911 486 1997 γινωσκόμενος,
518 1909 561 1987 οἷς
581 1913 637 1976 καί
658 1913 714 1995 τῆς
733 1912 843 1996 φιλίας
875 1911 929 1974 καί
947 1907 1002 1993 τῆς
1025 1911 1115 1986 α’ξίας
1134 1908 1190 1974 καί
1207 1908 1264 1992 τῆς
1285 1908 1352 1992 α’γ-

242 2015 384 2096 χιστειός
405 2008 589 2095 ἑγγύτατος,
625 2006 640 2073 ό
673 2007 853 2094 βεστάρχης
886 2011 1124 2082 Κωνσταντῑνος
1155 2007 1173 2070 ό
1205 2005 1353 2091 Δούκας,

244 2111 420 2198 α’δελφιδῆς
444 2112 503 2175 τού
530 2107 733 2195 πατριάρχου
754 2111 905 2184 σύνευνος
927 2109 1143 2189 καθιστάμεος
1158 2156 1173 2189 ,,
1190 2114 1247 2177 καί
1267 2116 1354 2174 πολ-

124 2209 302 2297 λ178τ.λην
325 2203 452 2276 εύνοιαν
474 2207 583 2287 διδούς
602 2213 658 2276 καί
680 2207 852 2294 λαμβάνων
865 2211 998 2274 tutte».
1040 2204 1110 2276 εἶτα
1132 2213 1189 2294 τῆς
1208 2234 1352 2294 τυρευο-

243 2316 339 2397 μίνης
360 2313 478 2396 βουλῆς
497 2313 679 2396 ἐκραγείσης
711 2313 861 2395 εἰσῆλθον
889 2303 1024 2385 ἅπαντας
1054 2307 1085 2375 οἱ
1111 2312 1229 2396 ταύτης
1250 2307 1389 2397 όξάρ-γο

243 2435 363 2495 χοντες,
386 2407 429 2487 dc
452 2414 488 2476 δὲ
509 2414 563 2475 καί
585 2408 616 2474 οἱ
635 2414 902 2493 συμμετέχοντες,
920 2455 958 2475 ..
980 2455 989 2476 .
1010 2410 1065 2477 καί
1084 2415 1230 2495 μέγιστον
1253 2414 1352 2493 τέμε-

144 2496 150 2507 ·
245 2536 297 2589 νος
319 2516 375 2597 τῆς
404 2516 463 2577 τοῦ
487 2513 569 2575 θεοῦ
595 2506 734 2593 μεγάλης
751 2513 879 2596 σοφίας,
899 2511 1109 2594 σκηπτόμενοι
1138 2509 1192 2575 τόν
1209 2516 1349 2593 βασιλέα

242 2608 302 2688 -τίις
321 2608 482 2696 συνθήκας
504 2612 596 2696 σφόν
619 2606 819 2694 προδιδόναι,
843 2611 1085 2692 διομοσαμόνων
1108 2608 1163 2675 τόν
1176 2610 1349 2696 Κομκηνόν

317 2771 360 2824 to.
379 2785 471 2839 margo
489 2764 779 2851 κατασκευαζομένης.
871 2770 915 2823 21.
935 2806 943 2822 .
963 2806 970 2821 .
992 2774 1013 2841 .]
1034 2772 1076 2833 ele
1091 2766 1122 2827 τό
1138 2771 1348 2847 περεύναμονλ

248 2941 358 2989 vocatur
379 2940 406 2985 et
424 2932 537 2989 illustris
556 2949 648 2989 omnen
668 2932 912 3002 exspectationibus
931 2934 1088 2999 extollebat,
1106 2937 1182 3005 quari
1200 2937 1282 2989 atina
1290 2954 1346 2992 non

231 3008 424 3061 ,aberraturoe
463 3006 654 3075 exsplendebat
671 3014 759 3058 autern
776 3007 861 3091 mapie
885 3008 982 3060 celeria
1007 3014 1035 3059 et
1061 2972 1164 3064 ldrtie
1156 3024 1183 3059 rn
1201 3008 1254 3060 lioc
1271 3008 1346 3063 bello

248 3080 371 3149 apparuit
398 3087 424 3129 et
449 3077 536 3130 clarus
561 3076 728 3145 Nicephorua
756 3078 883 3146 magister
900 3077 1055 3131 Botaniatea
1083 3094 1099 3129 e
1123 3095 1225 3147 genere
1243 3080 1346 3133 habena

248 3149 347 3204 illustri
367 3149 536 3217 splendorem
556 3156 582 3201 et
600 3148 741 3218 gloriam
733 3150 839 3216 imperii
858 3157 886 3201 et
909 3150 1025 3202 virtutis.

348 3218 458 3273 Postero
478 3229 566 3273 autem
585 3221 628 3273 die
647 3222 720 3273 uires
738 3220 874 3287 recipiens
892 3220 920 3272 in
939 3222 993 3284 aia,
1012 3237 1081 3290 quae
1099 3223 1133 3275 ad
1150 3221 1251 3289 regiam
1271 3223 1347 3276 lere.

248 3291 302 3351 bat,
322 3291 361 3340 ire
381 3292 487 3358 coepit:
508 3301 534 3343 et
553 3300 691 3359 antequam
711 3290 807 3342 linibus
825 3292 1051 3360 appropinquaret
1068 3293 1151 3356 urbis,
1170 3292 1314 3345 conuitium
1332 3312 1348 3347 a

249 3360 403 3443 quibusdam
417 3362 612 3429 magistratibus
625 3370 719 3413 contra
729 3377 820 3430 regem
832 3362 1064 3431 Constantinopoli
1074 3363 1248 3432 iungebutur.
1259 3373 1347 3419 utrum

248 3440 337 3483 nutem
356 3433 436 3482 etiam
454 3434 576 3499 pontifex
600 3434 728 3483 maximus
750 3440 776 3483 et
794 3432 946 3499 patriarcha
964 3434 1118 3487 llerulariua
1143 3450 1201 3485 cum
1221 3435 1263 3488 luia
1282 3453 1347 3503 par-

248 3504 334 3570 ticeps
353 3502 435 3554 fuerit
449 3504 565 3567 consilii,
584 3518 681 3566 necne,
699 3504 830 3555 incertum
848 3503 971 3571 nihilque
991 3505 1106 3557 clarum:
1125 3514 1212 3557 nmen
1232 3522 1267 3557 ex
1284 3510 1347 3575 opi-

248 3574 373 3626 nionibus
399 3581 426 3623 et
453 3592 487 3625 ex
513 3576 546 3625 iis
572 3589 640 3643 quae
665 3582 727 3640 poet
753 3574 840 3625 haec
848 3575 1011 3640 acciderunt,
1037 3578 1154 3644 euspicio
1173 3577 1206 3629 ad
1224 3580 1347 3631 veritatia

249 3645 377 3713 quandum
402 3645 540 3698 obscuram
565 3660 708 3714 progressa
733 3654 774 3697 eet
800 3646 1038 3713 significationem:
1064 3650 1162 3699 etenim
1187 3664 1247 3699 cnm
1265 3650 1347 3703 Gom-

248 3730 319 3765 neno
338 3718 426 3767 omnia
444 3717 576 3771 tolerabat
595 3725 621 3768 et
639 3716 773 3783 particeps
792 3717 871 3767 etiam
895 3717 972 3782 primi
993 3718 1098 3769 consilii
1118 3720 1348 3803 cognoscebatur,

249 3792 278 3835 ut
304 3787 382 3834 etiam
407 3789 539 3840 amicitiae
565 3798 591 3839 et
616 3788 739 3856 dignitati
765 3795 791 3837 et
809 3787 931 3838 affinitati
956 3790 1091 3854 proximus
1109 3792 1253 3843 veetiariue
1272 3791 1347 3844 Gon-

249 3852 379 3906 stnntinus
399 3854 485 3911 Ducaa
510 3861 597 3927 neptia
617 3857 784 3942 patriarchae
803 3859 902 3909 coniux
920 3859 1022 3923 lactus,
1043 3868 1070 3910 et
1096 3860 1204 3912 multam
1223 3862 1346 3914 beneuo-

248 3925 357 3975 lentiom
385 3926 497 3979 reddens
527 3939 553 3981 et
579 3931 716 4011 accipiens
742 3929 821 3981 inde.
846 3930 943 3983 deinde
962 3945 1020 3980 cum
1040 3932 1187 3983 institutum
1206 3933 1347 4011 concilium

249 3994 405 4047 dissolutum
430 4006 516 4061 esset,
536 4002 650 4068 ingressi
674 4008 736 4053 aunt
765 4016 857 4054 omnee
884 4004 941 4053 eina
959 4008 1106 4074 μάστακα,
1125 4011 1154 4053 ut
1180 4005 1258 4055 etiam
1283 4000 1346 4071 par'-

194 4072 201 4083 '
249 4066 344 4133 ticipes
370 4066 427 4119 cina
453 4070 506 4119 iu.
553 4072 889 4125 .etmaximumlanu1n
906 4086 1018 4142 magnae
1043 4074 1087 4126 dei
1105 4074 1261 4140 sapientiae,
1281 4090 1345 4129 cau·

249 4151 303 4189 eam
334 4136 491 4205 afferentes,
524 4143 594 4207 quod
624 4158 673 4195 rex
704 4149 782 4209 pacta
812 4159 861 4196 eun
891 4143 1032 4209 proderet,
1064 4160 1123 4197 cum
1153 4144 1269 4212 polliciti
1301 4162 1346 4199 ea-
