2834 4750
562 300 771 373 msroml.
824 284 826 291 ’
1145 303 1216 393 tas

116 468 246 532 συνοῦσι
262 461 317 530 τόν
337 468 372 532 ἐκ
395 468 450 551 τῆς
472 468 654 552 δυσχωρίας
673 468 735 551 οῦχ
754 459 879 551 ήττονα.
923 463 1060 537 διελθοόν
1080 469 1140 552 γάρ
1163 452 1218 532 διό

116 568 242 632 πολλῶν
272 569 431 652 τραχινιῦν
460 569 514 632 καί
545 563 714 650 δυσβάτων
738 568 844 655 λόφων
866 571 911 644 εἷς
938 568 1012 644 τοῦς
1032 567 1219 652 λεγομένους

114 669 248 744 Ἀνθίας
268 665 347 750 μετά
365 671 423 752 τῆς
443 663 694 754 ὑπολειφθείσης
716 667 804 756 αῦτῷ
826 673 977 752 στρατιάς
990 672 1216 753 κατεκομίσθη.

114 766 239 833 ἔστιδ’
272 767 289 832 δ
317 763 413 843 τόπος
440 770 473 847 ἐξ
494 769 660 854 ὑπωρειῶν
687 766 833 852 μεγάλων
863 771 946 852 δρῦν
966 767 1089 853 πεδινός
1103 793 1144 832 -τε
1164 768 1221 834 καί

81 862 266 950 5εῦυδρος,
291 866 346 932 καί
362 877 431 944 ταῖς
455 864 655 954 δυσχωρίαις
680 867 901 954 ἐνειλημμένους
925 870 1137 953 ψυχαγωγίαν
1157 868 1220 952 οῦχ
1270 902 1272 905 v

112 962 233 1052 ἥκιστα
253 976 319 1043 τοῖς
350 973 557 1051 καταίρουσιν
579 967 612 1034 ἐν
633 971 732 1063 stirp
755 966 873 1054 ένίησι,
895 961 1056 1055 ποηφόρος
1077 963 1146 1050 ἅμα
1165 966 1222 1032 καί

113 1063 288 1152 σιτοφόρος
318 1066 484 1152 τυγχάνων
515 1071 569 1132 καί
599 1061 664 1133 οἷον
690 1059 884 1152 Ισ’μφαλόςή
912 1074 1054 1149 ταμῑεῖον
1082 1069 1140 1148 τής
1162 1069 1219 1150 γῆς

114 1169 239 1252 ἐκείνης
259 1171 315 1233 καί
336 1166 446 1233 πεδίον
458 1173 593 1254 τρυφῆς.
650 1169 769 1254 ἡμέρας
791 1162 846 1233 οῦν
867 1172 968 1234 ἐκεῖσε
988 1170 1219 1251 στρατοπεδευ-

115 1260 293 1346 σάμενοςδ
315 1265 475 1349 βασιλεῦς,
496 1265 551 1330 καί
582 1267 637 1334 τόν
662 1264 787 1350 Ταῦρον
806 1266 840 1352 τό
867 1260 951 1352 ὅρος,
971 1262 1025 1338 τόν
1047 1264 1135 1347 παρά
1155 1275 1219 1342 τοῖς

60 1395 104 1448 10
113 1362 282 1449 ἐγχωρίοις
305 1364 498 1448 καλούμενον
521 1366 728 1452 Μοῦζουρον,
751 1364 895 1451 ῦπερβάς
919 1368 1075 1440 ἐπιπόνως
1096 1369 1142 1441 εἰς
1160 1364 1228 1448 τήνι

117 1469 293 1552 Κελεσίνην
313 1465 424 1554 χώραν
444 1463 624 1553 κατήντησε,
648 1467 761 1549 διαβάς
783 1464 818 1530 τό
844 1463 991 1551 δεότερον
1011 1462 1067 1529 τόν
1082 1465 1220 1550 Εῦφρά-

115 1591 173 1649 την
202 1568 371 1651 ποταμόν,
404 1564 483 1632 κατά
505 1566 578 1643 τοῦς
608 1567 770 1653 α’ρκτιόους
804 1567 968 1650 πρόποδας
996 1567 1054 1628 τοῦ
1090 1562 1218 1650 Ταύρου

100 1665 204 1756 ,παρά
227 1668 264 1731 τό
288 1674 385 1752 μέρος
406 1671 505 1733 έκεῖνο
524 1673 757 1753 παραρρέοντα,
777 1668 832 1732 καί
849 1669 1034 1752 διαιροῦντα
1055 1667 1124 1732 τότε
1146 1658 1219 1751 όρος

117 1769 172 1831 καί
200 1768 256 1852 τήν
280 1771 463 1854 Κελεσίνην-
487 1761 592 1853 οῦσπερ
626 1765 787 1852 μεθόριον.
842 1765 875 1831 ἐν
897 1765 996 1853 ταότη
1020 1759 1076 1830 οῦν
1097 1762 1220 1851 ἡμέρας

55 1866 207 1953 ,15τινάς
234 1869 438 1944 αὐλισθέντας
458 1871 517 1933 τοῦ
536 1870 773 1954 στρατοπέδου,
806 1864 897 1952 φήμη
920 1891 968 1940 τις
996 1867 1146 1951 εἰσερρύη
1167 1865 1220 1930 τόν

116 1962 353 2054 ῦπολειφθίντα
376 1967 515 2054 στρατόν
536 1971 581 2045 εἷς
603 1967 661 2051 τήν
682 1971 745 2032 τοῦν
763 1967 913 2049 Τοόρκων
934 1966 1116 2046 α’ντίστασιν
1129 1960 1219 2049 μάχη

116 2069 173 2129 καί
186 2071 313 2154 πολέμῳ
336 2072 492 2153 κραταιιῦς
511 2069 688 2156 ήγτηθήναι
703 2071 758 2131 καί
778 2065 911 2141 πολλοῦς
935 2067 1124 2148 άπολέσθαι,
1145 2060 1220 2136 τοῦς

118 2166 149 2227 δ’
172 2161 363 2243 ὑπολοίπους
389 2171 464 2251 περί
492 2168 548 2232 τόν
585 2171 711 2250 Ταῦρον
735 2167 935 2249 διασωθῆναι
968 2160 1002 2229 τό
1027 2155 1110 2248 ὅρος,
1133 2159 1219 2246 ἔγγι-

116 2266 178 2331 στά
199 2287 261 2329 που
285 2270 342 2331 τοῦ
364 2271 503 2351 πολέμου
535 2270 761 2356 γεγενημένου,
790 2268 848 2330 καί
863 2265 924 2329 ποῦ
945 2288 1032 2340 τινας
1053 2262 1246 2347 σποράδας·

67 2398 106 2453 20
117 2367 163 2442 εἰς
176 2365 243 2451 ’τήν
265 2367 470 2453 παρεμβολήν
489 2373 632 2451 εἰσιέναι,
655 2367 711 2433 καί
730 2363 845 2443 ἄλλους
867 2367 924 2431 οῦκ
944 2367 1069 2450 σ’λίγους
1093 2365 1218 2442 ἐλπίζε-

115 2473 206 2534 σθαι.
240 2461 279 2552 ἦν
300 2471 335 2535 δὲ
358 2471 397 2533 οῦ
417 2467 549 2555 ψευδής,
574 2470 616 2545 τός
637 2470 851 2555 α’ληθίζεσθαι
871 2463 1036 2532 κάνταῦθα
1056 2464 1091 2529 τό
1109 2463 1219 2553 Ἡσιό.

116 2569 222 2653 δειον,
241 2564 291 2634 ότι
313 2568 405 2656 φήμη
445 2572 475 2633 δ’
496 2566 585 2635 οῦπω
608 2570 741 2652 πάμπαν
764 2568 963 2650 ἀπόλλυται,
983 2562 1090 2653 ἥντινα
1111 2566 1220 2630 πολλοὶ

189 2763 213 2817 1.
234 2760 335 2823 διελών
356 2763 385 2818 G.
494 2765 520 2817 2.
541 2770 689 2836 τραχηνολν
708 2764 739 2819 G·
814 2767 856 2817 11.
875 2768 1039 2834 κελευσίκον
1057 2766 1088 2821 G.

114 2931 266 2997 importuno
291 2928 341 2993 dt,
365 2942 420 2979 non
438 2924 539 2982 miuus?
562 2921 745 2999 transgressus
775 2930 844 2981 enim
869 2944 918 2997 per
944 2930 1042 2984 multos
1062 2944 1172 2998 asperos
1190 2939 1217 2983 et

114 3001 203 3053 invios
224 2999 309 3051 colles
319 3001 352 3051 ad
363 3007 472 3053 vocatos
482 3000 594 3054 Anthias
605 3017 662 3052 cum
674 3000 771 3065 relicto
783 3000 834 3051 sibi
846 3003 966 3056 exercitu
984 3001 1087 3054 delatus
1107 3010 1155 3054 est.
1177 3010 1218 3054 est

115 3080 203 3125 autem
222 3071 298 3123 locus
319 3088 352 3122 ex
363 3072 396 3122 iis
416 3088 484 3139 quae
503 3071 551 3125 sub
570 3074 673 3141 magnis
691 3070 825 3122 montibus
838 3073 889 3123 sita
902 3080 964 3122 sunt
982 3086 1083 3138 aequus
1103 3080 1130 3123 et
1148 3088 1217 3139 aqua

114 3142 230 3195 refertus
257 3149 284 3192 et
308 3143 360 3195 viis
385 3144 541 3209 importunis
571 3143 792 3205 circumcinetus,
812 3141 1008 3193 oblectamenta
1034 3157 1089 3194 non
1106 3144 1216 3194 minime

114 3216 148 3265 iis
167 3215 212 3283 qui
227 3214 254 3263 in
265 3212 316 3265 hoe
327 3214 609 3281 degredienturall‘ert,
630 3213 720 3265 herbis
740 3212 875 3265 abundans
894 3212 972 3265 simul
992 3222 1018 3264 et
1039 3213 1172 3265 frumento
1188 3220 1216 3263 et

59 3336 61 3342 ,
116 3287 192 3353 quasi
205 3285 283 3336 umbo
291 3287 350 3337 sive
360 3285 499 3337 thesaurus
511 3286 585 3337 illius
595 3295 691 3349 terrae,
706 3294 733 3335 et
746 3300 852 3351 campus
864 3286 996 3335 luxuriae.
1009 3287 1067 3337 dies
1080 3289 1218 3353 (numerus

116 3358 206 3425 deest)
227 3357 309 3425 igitur
327 3357 364 3407 ihi
383 3358 490 3407 manens
509 3373 557 3409 rex
577 3365 604 3407 et
616 3357 727 3408 Taurum
749 3364 874 3420 montem,
894 3357 939 3424 qui
958 3358 1026 3421 apud
1045 3350 1147 3408 indoles
1166 3370 1218 3406 vo-

117 3434 192 3479 catur
220 3429 365 3492 lluzurus,
391 3435 570 3495 transgressus
590 3428 739 3491 laboriose,
765 3430 792 3478 in
821 3436 916 3479 terram
941 3427 1103 3480 lieleusinen
1132 3428 1216 3490 venit,
1304 3445 1315 3488 g

116 3506 255 3567 postquam
268 3500 374 3551 transiit
383 3501 478 3550 iterum
486 3498 647 3566 Euphratem
660 3499 770 3553 fluvium
783 3499 951 3567 subpedibus
964 3498 1217 3565 septentrionalibus

116 3572 193 3623 'lauri
220 3578 319 3636 partem
346 3570 419 3621 illam
444 3570 690 3636 praeterfluentem,
718 3579 745 3621 et
762 3572 924 3623 dividentem
944 3578 970 3621 et
987 3578 1103 3620 montem
1123 3577 1150 3619 et
1162 3569 1217 3621 lle.

115 3642 229 3694 lesinam
249 3643 325 3708 quasi
344 3642 438 3692 dnemt
464 3642 491 3691 in
511 3641 561 3691 hae
581 3644 663 3710 igitur
682 3644 739 3694 dies
758 3640 904 3694 nonnullos
930 3658 988 3692 cum
1006 3643 1148 3693 mansisset
1167 3658 1217 3692 ex.

116 3714 225 3775 orcitus,
244 3713 313 3763 lama
332 3712 459 3779 quaedam
478 3711 590 3778 induxit,
609 3716 732 3765 nimirum
745 3714 868 3765 relictum
881 3714 1027 3764 exercitum
1038 3714 1066 3764 iu
1075 3712 1216 3765 'furcarum

117 3784 287 3851 oppositione
297 3798 387 3852 pugna
400 3790 426 3833 et
437 3782 511 3834 bello
530 3785 663 3837 violenter
676 3786 809 3837 devictum
829 3800 888 3835 esse
908 3792 935 3834 et
952 3785 1050 3837 multos
1070 3785 1217 3837 cecidisse:

116 3855 235 3921 reliquos
254 3863 340 3905 autem
362 3856 433 3905 circa
449 3853 559 3905 Taurum
579 3865 700 3908 servatos
718 3872 778 3908 esse
795 3865 922 3919 montem,
940 3872 998 3906 cum
1018 3857 1137 3924 proxime
1155 3856 1218 3908 bel.

115 3927 169 3977 lum
190 3925 286 3987 laetum
307 3933 388 3989 esset,
407 3933 434 3977 et
452 3925 577 3997 quosdam
590 3927 771 3994 dispersos.in
791 3936 877 3979 castra
894 3928 1008 3993 ingredi,
1029 3938 1055 3981 ot
1073 3926 1142 3980 alios
1160 3942 1214 3979 non

115 4011 215 4064 paucos
235 3998 393 4063 exspectari.
433 4003 490 4051 erat
507 4003 594 4046 autem
614 4012 667 4048 non
694 3998 777 4061 salsa,
802 4000 839 4050 ita
858 4005 887 4048 ut
905 4014 997 4050 rerum
1016 4002 1051 4053 sit
1071 4000 1149 4050 etiam
1169 3999 1214 4049 hie

115 4068 276 4119 Hesiodeum
296 4068 377 4119 illdds
411 4067 495 4132 „lama
515 4069 622 4119 omnino
648 4084 701 4119 non
721 4070 806 4120 inanis
827 4079 881 4135 eat,
901 4086 977 4138 quam
996 4072 1072 4123 multi
1091 4070 1213 4122 homines

117 4140 258 4189 dictitant:
285 4140 334 4190 dea
366 4146 439 4189 certe
459 4138 586 4206 quaedam
615 4149 655 4191 est
680 4149 707 4191 et
725 4143 809 4207 ipsust
839 4174 872 4184 -
890 4142 1008 4194 coniecti
1030 4144 1099 4195 enim
1119 4142 1215 4192 animis

120 4206 214 4263 Graeci
233 4218 305 4262 metu
328 4210 468 4263 lurcorum
489 4226 547 4262 eum
566 4227 581 4263 a
601 4213 674 4282 regis
700 4220 727 4265 et
751 4212 855 4283 reliqua
873 4215 998 4283 discerpti
1018 4222 1108 4269 essent
1123 4209 1218 4263 multi-
