2834 4750
535 274 750 394 utsronn..
790 289 798 301 ¹
1081 317 1099 353 i.
1144 262 1198 344 oo

63 431 248 509 θανόντος
271 437 327 500 κατ’
347 439 471 503 πολλῶν
494 438 766 521 άντρευνηθέντων
799 436 906 516 ον’δεές
926 429 1012 516 άξιος
1033 436 1116 520 πλὴν
1134 436 1194 501 ου’.

65 534 140 597 τοῦ
168 533 253 617 πρὸς
275 534 329 601 τὸν
350 539 494 602 τοιοῦτον
514 535 662 622 έλογέσθη
685 536 823 621 βαθμόν.
867 537 922 603 κατ’
944 536 1194 618 άπανοιινάμενος
1219 622 1223 629 .

65 629 238 720 ἑδιοάχθη
259 637 337 719 πρὸς
359 639 414 722 τῆς
432 641 536 722 τιμῆς,
560 635 615 701 κατ’
633 635 783 722 λαμπτῆρ
798 641 853 721 τῆς
873 639 1009 723 μεγάλης
1029 638 1194 723 ἐκκλησίας

69 732 373 822 nat-uersatum
396 733 610 818 οἰκουμτντκὸς
632 735 832 823 ἐχρημάτισε.

35 836 54 888 5
193 833 288 900 Μετά
320 838 356 901 δέ
376 835 410 903 τά
441 838 497 903 τὸν
525 840 661 920 βασιλέα
680 835 832 904 τεθνάναι
862 839 959 905 πάλιν
979 836 1009 904 οἳ
1030 835 1087 923 τῆν
1110 832 1194 905 ides

67 935 336 1018 κατατρέχοντες
349 930 463 1003 Οέννοι
484 941 822 1022 περίΜισοποταμιλτν
838 936 999 1021 γενόμενοι
1015 935 1194 1023 ἐφήδρευον

66 1043 148 1110 τοῖς
176 1034 254 1118 περὶ
276 1035 461 1123 Μελιτηνὴν
492 1041 829 1125 ἐστρατοπεδευμένοτς
854 1037 1044 1120 Ῥωμαϊκοϊς
1067 1038 1194 1120 τάγμα-

69 1159 143 1216 σιν,
171 1124 263 1220 οΐπερ
287 1139 343 1200 τοῦ
378 1140 590 1221 ὀψωνιασμοῦ
621 1135 854 1225 ὑστερήσαντος
882 1139 995 1214 ένδεοῖς
1032 1130 1119 1220 εἶχον
1139 1136 1195 1203 κατ’

53 1236 247 1311 ’ταπεινάς
269 1239 324 1302 κατ’
345 1237 478 1323 σ’ργέλως
496 1238 549 1304 διά
570 1235 627 1323 τὴν
648 1236 782 1320 ἔνδειαν,
803 1243 858 1306 κατ’
879 1239 954 1304 ου’δέ
975 1246 1042 1314 τοῖς
1062 1241 1096 1304 έν
1117 1240 1194 1305 Με-

24 1349 63 1402 10
73 1339 274 1434 σοποταμτήιΙ
291 1340 500 1424 στρατιώταις
516 1339 686 1422 Ῥωμαιότς
705 1335 844 1424 ἴσχυσαν
856 1345 1032 1425 συνελθεῖν,
1052 1338 1098 1424 μὴ
1114 1344 1194 1424 βου-

72 1436 239 1522 ληθέντες
264 1435 319 1502 τάν
342 1439 516 1526 Εδφράτην
537 1441 741 1525 διαπερᾶσαι.
798 1442 1020 1527 ἐπερχομένων
1046 1433 1106 1508 σάν
1131 1441 1222 1508 odsi.
1237 1451 1326 1506 185r.

74 1537 267 1623 βαρβάρων
289 1539 342 1604 διά
365 1542 422 1606 rori
452 1543 598 1623 ποταμοῦ
634 1541 826 1627 α’ντέστησαν
855 1533 943 1607 οὗτοι
965 1544 1193 1628 διασπαρέντες

75 1641 165 1721 περὶ
185 1640 245 1716 τάς
275 1641 437 1718 διεξόδους
461 1636 572 1707 αὐτοῦ.
623 1639 677 1706 καὶ
707 1641 737 1706 οἱ
757 1641 918 1729 βάρβαροι
939 1639 1099 1729 ἑκηβόλων
1118 1668 1195 1727 τυγ-

75 1737 240 1820 χάνοντες
259 1740 410 1826 εὐμαροῦς
432 1733 551 1818 adrosis
563 1733 685 1809 άποθεν
701 1743 959 1828 κατετίτρωσκον,
973 1736 1110 1820 άπαθιλς
1130 1744 1194 1810 τιά-

29 1845 68 1906 15
77 1840 135 1903 τοτ’
159 1841 373 1923 διαμένοντες,
392 1843 452 1919 ἓως
473 1842 655 1929 ἠνάγκασαν
674 1830 804 1919 τούτους
830 1845 875 1920 εἷς
897 1841 952 1910 τὸν
972 1843 1113 1927 ποταμὸν
1134 1837 1195 1927 ἐμὲ

80 1944 207 2022 βαλεῖν
228 1944 285 2027 κατ’
304 1940 363 2028 τὴν
384 1941 493 2030 μάχην
513 1944 750 2031 συστήσασθαι.
795 1948 850 2010 κατ’
868 1945 963 2011 πάλιν
984 1942 1015 2009 οἱ
1037 1951 1103 2021 τοϊς
1123 1951 1196 2028 χεέ-

82 2045 180 2116 λεσιν
203 2043 413 2130 ἐφιστάμενοι
445 2045 519 2122 τούς
546 2045 727 2129 Ῥωμαίους
761 2047 982 2127 ἐπετοξάζοντο
1011 2047 1067 2112 κατ’
1093 2048 1196 2124 κακῶς

84 2136 174 2228 ἄγαν
198 2146 360 2212 διετέθουν
382 2147 437 2213 κατ’
457 2150 542 2230 νῶτα
566 2149 678 2214 δοῦναι
703 2145 949 2233 παρεβιάσαντο.
998 2151 1055 2214 κατ’
1077 2151 1197 2235 τροπῆς
1313 2176 1318 2184 ·

84 2249 261 2332 γενομένης
290 2243 403 2314 ἔπεσον
434 2252 547 2334 συχνοὶ
567 2252 631 2313 τάν
655 2248 840 2332 Ῥωμαιων,
868 2251 971 2337 έτεροι
1004 2252 1040 2316 δέ
1063 2252 1197 2340 ζωγρεέφ

39 2357 76 2413 to
87 2345 293 2435 ἐλήφθησαν,
317 2347 347 2415 οἱ
369 2352 404 2417 δὲ
428 2357 660 2438 περισωθέντες
681 2354 726 2441 τῷ
746 2340 834 2419 άστει
854 2353 910 2439 τῆς
928 2352 1109 2439 Μελιτηνῆς
1125 2352 1197 2418 άντ-

88 2448 258 2534 σοάθησον.
304 2452 598 2542 περτφρονὴσαντες
626 2456 667 2519 δέ
683 2451 808 2519 τοάτων
834 2451 863 2518 οἱ
890 2454 1051 2539 βάρβαροι
1072 2447 1115 2528 άς
1135 2442 1210 2539 ἤδη.
1277 2496 1283 2503 x

87 2557 383 2641 καταστραφέντων
403 2558 460 2622 καὶ
486 2558 867 2643 καταστρατηγηθέντων,
890 2553 1069 2643 δλοσχεροδλ
1090 2551 1199 2640 3²²0?-

88 2794 94 2814 ,
168 2740 453 2881 ἓοῖἐηηρευνηθέντυν
474 2742 504 2798 G.
604 2742 646 2797 17.
665 2746 716 2799 καλ
734 2749 797 2798 ente
814 2761 909 2807 τινος
926 2757 970 2797 σοι
991 2758 1018 2811 c,
1034 2742 1134 2799 sodidt
1150 2741 1196 2797 in.

91 2960 253 3029 splendebat
279 2968 390 3030 propter
416 2962 541 3015 virtutem
566 2971 593 3015 et
616 2962 659 3016 dei
677 2962 810 3029 timorem.
848 2970 928 3031 utque
947 2969 1091 3030 propterea
1108 2962 1196 3029 putri-

91 3033 177 3085 orche
195 3040 300 3085 mortuo
320 3041 347 3085 et
364 3033 455 3086 multis
475 3034 620 3102 exploratis
637 3034 716 3086 nemo
735 3035 831 3101 dignus
849 3039 956 3101 praeter
974 3048 1035 3084 eum
1053 3032 1195 3085 hochsbi.

90 3111 134 3156 tus
164 3112 206 3156 est
229 3105 331 3173 modu:
359 3111 385 3157 et
411 3122 538 3159 recusans
563 3107 662 3174 petitus
691 3112 732 3159 est
755 3104 789 3156 ab
808 3103 911 3156 honore
931 3102 1065 3174 etlumen
1082 3118 1197 3172 mugnus

93 3174 233 3227 ecclcsiae
255 3182 281 3227 et
299 3177 451 3243 potriercha
470 3178 659 3230 oecumenicus
678 3177 764 3228 iectus
784 3182 833 3227 cst.

197 3262 275 3333 Rege
294 3273 398 3318 mortuo
419 3281 510 3319 rursus
520 3266 609 3317 Hunni
630 3268 760 3318 orientem
780 3269 967 3330 percursantes
987 3261 1196 3327 circodiesopo-

92 3335 202 3386 terniano
220 3334 355 3389 instabant
366 3336 475 3396 Graecis
495 3336 632 3389 ordinibus
651 3338 696 3405 qui
706 3336 778 3388 circo
788 3334 934 3387 Melitenen
953 3332 1191 3386 cestrateuebeut:

94 3407 140 3473 qui
161 3405 267 3473 quidem
287 3417 435 3460 commeatu
454 3408 595 3461 deficiente
616 3416 728 3477 egentes
748 3413 825 3458 erent
842 3413 870 3457 et
887 3414 983 3458 tenues
994 3414 1022 3457 et
1030 3405 1091 3457 irati
1109 3414 1196 3470 proo-

93 3483 134 3527 ter
155 3478 290 3544 inopium,
317 3494 406 3546 neque
425 3495 484 3531 curn
502 3479 631 3532 militibus
651 3482 678 3530 in
697 3478 889 3544 Mesopotamia
908 3476 1060 3530 constitutis
1086 3472 1195 3527 Graecis

96 3548 225 3617 congredi
246 3557 408 3616 potuerunt,
436 3564 495 3601 cum
513 3550 619 3602 nollent
637 3546 799 3618 Euphrr'ttem
829 3550 952 3601 transire.
990 3544 1195 3600 advenientibus

94 3618 178 3687 igitur
204 3619 324 3673 barbaris
350 3635 398 3687 ner
416 3619 526 3673 fluvium
546 3638 576 3674 se
595 3629 778 3690 opposuerunt
796 3621 825 3671 hi
844 3620 957 3686 dispersi
975 3620 1004 3669 in
1023 3617 1099 3670 rudis
1126 3616 1194 3666 eius.

96 3698 176 3758 utque
203 3690 309 3743 barbari
334 3692 439 3760 quidem
468 3694 512 3761 qui
533 3694 635 3746 eminus
653 3692 766 3745 ioculari
785 3698 909 3760 poterunt
927 3689 1008 3741 focile
1026 3702 1074 3739 eos
1093 3688 1195 3739 eminus

95 3761 282 3828 vulnerabunt,
297 3763 466 3830 impatientes
480 3764 532 3830 ipsi
547 3773 692 3829 monentes,
713 3764 799 3814 donec
818 3768 949 3830 cogerent
959 3759 1018 3823 hos,
1038 3767 1067 3811 ut
1085 3758 1193 3811 durium

95 3831 299 3900 ingrederentur
310 3841 337 3885 et
347 3849 462 3903 pugnem
477 3843 660 3887 consererent.
682 3842 708 3885 et
722 3849 812 3886 rursus
823 3834 868 3900 qui
877 3832 944 3899 ripis
954 3830 1096 3896 instabunt,
1108 3830 1194 3883 Grue-

97 3918 141 3955 cos
160 3905 288 3971 petebant
306 3906 402 3958 iaculis
423 3914 449 3956 et
468 3905 546 3958 uelde
564 3906 634 3957 mole
649 3904 798 3958 trectobunt
818 3912 845 3954 et
862 3911 938 3971 tergo
951 3910 1090 3955 verterent
1108 3916 1194 3970 coge-

94 3970 166 4028 bant.
195 3976 304 4045 otinga
324 3977 394 4029 fecte
414 3978 570 4029 ceciderunt
587 3976 662 4027 multi
683 3976 854 4038 Graecorum,
873 3973 920 4026 olii
936 3982 1024 4027 autern
1042 3974 1101 4026 vivi
1121 3973 1194 4041 cepti

94 4054 163 4111 sunt,
180 4050 279 4099 servati
293 4055 382 4100 autern
390 4048 535 4102 Melitenen
548 4048 640 4099 urbem
655 4047 814 4114 effugerunt.
829 4054 1028 4118 contenrnentes
1043 4054 1132 4098 autern
1144 4045 1194 4096 Ιτοι

94 4112 198 4171 herieri
213 4126 242 4171 ut
260 4119 311 4171 ium
325 4135 418 4173 versos
445 4128 472 4173 et
491 4120 611 4172 artificiis
632 4118 700 4171 belli
724 4118 860 4183 devictos,
880 4133 988 4185 prorsus
1008 4118 1194 4171 excursionem

96 4186 196 4243 faciunt
214 4198 299 4258 usquo
316 4192 349 4245 ud
361 4192 530 4259 Goesorcom,
550 4190 698 4261 spoliantes
712 4191 801 4245 omniu
818 4198 845 4241 et
861 4190 1039 4256 destruentes,
1059 4198 1086 4241 et
1102 4189 1194 4256 ignea
