2834 4750
387 347 391 354 Ι
486 260 713 331 οιστοκιλ.
998 332 1001 338 ,
1137 252 1164 328 e

54 409 243 506 'tsmtpcm-
278 415 341 490 ’καί
360 427 391 491 εἰ
410 424 454 510 μη
479 429 661 510 διαβληθείς
674 433 748 508 περί
769 428 953 510 τυραννίδος
977 423 1171 510 telamqu-
1218 470 1220 475 -

71 527 177 608 τηγίαν
199 529 261 592 τῶν
284 520 365 592 iles
383 529 609 607 ε’μπιστευθείς
630 529 661 590 Γ
658 525 802 614 εοὶργιος
820 531 935 603 ἐκεῖνος
958 526 974 590 ὅ
1000 521 1170 609 Μανιοῖκης

72 627 106 690 ἐκ
125 631 224 706 μέσον
248 631 374 712 γέγονε,
409 631 464 692 καί
484 619 590 703 ἄλλοις
612 629 748 713 ἀνετέθη
769 626 806 692 τοὶ
832 633 890 694 τοῦ
918 630 1078 710 πολέμου,
1110 620 1169 691 κᾶν

71 725 130 790 ὑπὸ
147 728 316 810 Ῥωμαίοις
336 729 434 794 ἐτέλει
458 731 528 793 νυνί
548 732 641 812 νῆσος
662 724 746 794 οὕτω
766 730 885 815 μεγάλη
909 732 963 792 καί
984 728 1169 810 περιβόητος
1179 736 1201 791 i.
1213 733 1264 790 168
1280 748 1309 791 r.

47 827 125 891 οκαί
143 825 254 892 πόλεσι
277 831 511 914 περιεζωσμένη
534 831 697 910 μεγίσταις
721 832 777 894 καί
807 834 869 893 τῶν
898 825 1002 893 ἄλλων
1020 832 1169 913 χρηστῶν

71 926 201 1003 ου’δενός
221 928 412 994 deculcare.
457 932 514 993 νῦν
537 933 572 993 δὲ
597 929 613 994 o‘
636 925 754 1017 φθόνος
776 933 831 995 καί
850 932 905 995 τὸν
925 922 1026 1011 ἄνδρα
1050 925 1172 1000 καίτοὶς
1236 925 1246 981 ἶ

72 1028 201 1110 πράξεις
224 1033 277 1094 καί
298 1035 449 1095 τοσοῦτον
468 1032 701 1113 κατειργάσατο
723 1029 828 1115 ἔργον·
873 1032 1015 1113 αἰσχρῶς
1036 1024 1097 1111 γοὶρ
1118 1025 1173 1091 καί

73 1129 208 1211 α’γεντοός
239 1133 505 1213 βουλευσαμένων
529 1133 591 1195 τῶν
623 1125 758 1214 ὕστερον
788 1134 973 1215 στρατηγῶν
1003 1127 1061 1192 σύν
1093 1126 1173 1212 οὔτῇ

72 1227 127 1292 καί
150 1226 186 1292 τὸ
212 1235 358 1300 πλεῖστον
387 1238 443 1295 τοῦ
464 1229 702 1316 στρατεύματος
724 1227 883 1295 α’πολοίλει
907 1231 1089 1310 Ῥωμαίοις.
1134 1225 1174 1288 ου’

32 1324 133 1410 ίομὴν
156 1330 192 1394 δὲ
213 1329 295 1393 α’λλιλ
316 1328 370 1396 καί
391 1332 424 1396 οἵ
445 1327 520 1395 ποτε
536 1329 704 1413 σύμμαχοι
725 1333 780 1395 καί
799 1335 855 1414 τῆς
876 1328 1085 1402 ἰσοπολιτείας
1099 1325 1174 1409 que

70 1433 333 1512 συμμετέχοντες,
356 1428 400 1506 ὥς
422 1435 476 1496 καί
508 1433 610 1514 ου’τῆς
643 1435 699 1514 τῆς
721 1434 909 1515 θρησκείας,
935 1426 1087 1510 Ἀλβανοί
1119 1424 1175 1488 καί

71 1534 208 1594 Λατῖνοι
230 1523 298 1594 ὅσοι
319 1529 399 1612 μετὰ
422 1532 479 1616 τήν
501 1528 647 1614 ἑσπερίου
664 1531 789 1616 Ῥώμην
809 1538 872 1606 τοῖς
904 1531 1066 1603 Ἰταλικοῖς
1092 1532 1174 1609 πλη-

69 1627 217 1709 σιάζουσι
238 1634 361 1715 μέρεσι,
383 1637 528 1712 πολέμιοι
551 1631 815 1716 παραλογώτατοι
838 1628 1058 1716 ἐχρημάτισαν
1074 1631 1174 1709 ἐμπει-

69 1728 287 1816 παρηννηκὸτος
309 1735 353 1808 είς
374 1732 430 1798 τον
453 1729 593 1816 ἄρχοντα
620 1731 745 1800 τούτων
768 1737 825 1796 τοῦ
851 1732 921 1797 τότε
951 1728 1007 1815 την
1032 1751 1174 1812 στρατη-

29 1843 60 1898 15
69 1834 142 1912 γιάν
168 1829 333 1908 ι’θύνοντος
356 1832 494 1918 Μιχαὴλ
516 1833 629 1911 δουκός
648 1837 706 1898 τοῦ
726 1836 914 1900 Δοκειανοῦ.

167 1929 264 1996 ’Aila
286 1939 361 2018 περί
381 1937 441 2016 μὲν
458 1927 576 1999 ταύταν
590 1929 679 2012 ἅλις·
725 1937 841 2000 Μυσοί
864 1937 908 2020 δέ,
921 1924 968 2008 οἷς
980 1929 1081 2014 ettam·
1095 1952 1176 2010 προ-
1278 1970 1283 1996 ε

70 2035 205 2116 σηγορία
233 2033 268 2096 τό
300 2039 365 2098 τοῖν
396 2036 593 2120 Βουλγιὶρων
624 2035 816 2119 καθέστηκεν
842 2024 966 2117 ὄνομα,
1003 2033 1174 2115 τηνικαῦτα

70 2128 143 2208 τούς
162 2122 217 2215 τ’ἧς
238 2133 421 2213 δουλώσειος
445 2130 685 2210 α’ποπτυσαντες
714 2132 869 2218 χαλινούς
900 2136 945 2208 εἰς
965 2125 1175 2221 Ιοἷποστοισίαν

70 2237 380 2319 προκεχωρήκεσαν,
408 2237 463 2302 καί
486 2235 543 2333 τὸν
568 2242 703 2319 βασιλέα
729 2234 803 2316 περὶ
823 2233 862 2299 τὰ
893 2232 926 2297 ἐν
957 2234 1173 2317 Θεσσαλονίκη

28 2345 61 2401 20
70 2336 275 2419 διατρίβοντα
298 2333 384 2422 ὅρια,
408 2342 462 2404 καί
480 2341 598 2419 μόνους
620 2336 694 2416 τούς
717 2341 751 2404 ἐν
772 2341 811 2427 τῇ
833 2334 919 2424 αὐλῇ
939 2329 1175 2417 σωματοφυλα-

69 2463 126 2514 κας
148 2436 263 2520 ἔχοντα
283 2438 326 2516 ὥς
347 2441 401 2506 διὰ
423 2444 534 2529 φιλίας
557 2440 866 2525 παροδεύονταχγης,
887 2440 1006 2519 ἰταμῶς
1020 2435 1175 2501 συνεδίω-

70 2543 144 2616 ξαν·
188 2539 363 2622 ἐξαρτύσας
385 2543 414 2606 δ’
434 2533 525 2617 οὗτος
553 2534 621 2624 ἅμα
645 2543 688 2630 τρῖ
700 2543 745 2618 εἰς
758 2542 815 2626 την
824 2537 1061 2623 βασιλεύουσαν
1075 2535 1175 2636 εἰσιέ-

70 2796 257 2865 Agareuorum
274 2799 348 2850 natio
368 2799 534 2852 occidentem
552 2811 647 2851 versus
665 2798 694 2849 iu
714 2796 808 2851 Slcilia
824 2792 966 2851 navalibus
986 2803 1012 2848 et
1031 2794 1172 2850 terrestri.
1239 2787 1247 2799 ’

72 2865 122 2918 bus
143 2864 304 2919 Graecorum
330 2868 450 2936 viribus,
478 2877 557 2937 atque
582 2870 634 2920 nisi
660 2876 799 2921 accusatus
818 2868 1005 2921 dominationis
1025 2882 1172 2934 capesseu-

71 2939 141 3003 dae,
166 2938 242 3001 cuius
262 2939 323 2991 lidei
339 2941 477 3009 imperium
496 2943 650 2992 universum
670 2942 757 2993 datum
777 2940 984 3007 eruttleorgius
1002 2937 1051 2990 ille
1069 2938 1172 2992 llauia.

72 3025 116 3061 ces
137 3024 153 3059 e
173 3010 261 3061 medio
282 3010 401 3064 sublatus
421 3019 502 3077 esset,
526 3018 552 3062 et
569 3012 631 3063 aliis
650 3012 792 3079 impositae
814 3019 904 3064 essent
917 3026 960 3061 res
972 3008 1098 3071 bellicae,
1114 3009 1171 3060 lor.

11 3090 16 3111 t
70 3088 143 3132 tasse
163 3078 272 3133 Graecis
290 3098 361 3133 nunc
381 3091 453 3135 esset
473 3081 593 3135 subiecta
611 3082 699 3134 insula
717 3091 770 3133 tam
796 3098 891 3151 magna
910 3089 991 3149 atque
1011 3078 1126 3130 celebris
1147 3086 1174 3130 et

71 3150 182 3203 urbibus
201 3152 288 3204 cincta
306 3156 426 3206 maximis
444 3169 533 3223 aeque
553 3162 703 3205 ceterorum
728 3153 857 3205 bonorum
884 3152 942 3204 ullo
963 3166 1065 3203 careus.
1103 3166 1173 3202 uuae

71 3230 160 3274 autem
178 3222 280 3276 invidia
303 3232 329 3275 et
348 3226 433 3278 virum
455 3234 481 3277 et
507 3226 576 3277 iacta
602 3233 628 3275 et
651 3233 752 3277 tautum
779 3224 881 3276 delevit
905 3239 981 3292 opus.
1021 3238 1079 3274 cum
1104 3223 1174 3274 euim

71 3294 186 3359 turpiter
205 3293 395 3365 humiliterque
415 3296 528 3348 consilia
547 3305 674 3363 caperent
693 3296 794 3363 posteri
814 3298 1005 3364 imperatores,
1032 3310 1090 3347 eum
1112 3295 1173 3361 ipsa

72 3362 162 3415 insula
182 3366 261 3418 etiam
280 3368 393 3431 maxima
413 3383 473 3435 pars
499 3368 633 3419 exercitus
654 3370 764 3420 evanuit
784 3365 902 3420 Graecis.
940 3368 1173 3420 verumenimvero

72 3435 152 3485 etiam
170 3436 276 3501 priores
295 3440 362 3489 socii
382 3438 508 3507 aequales
527 3438 605 3490 nohis
624 3439 742 3491 civitatis
757 3440 902 3508 participes
919 3448 948 3493 ut
967 3438 1174 3491 etiameiusdem

70 3506 181 3557 (luorum
201 3504 403 3572 cultus,Albaui
424 3518 450 3561 et
460 3510 557 3574 Latini,
566 3510 718 3579 quicunque
728 3519 789 3579 post
798 3512 990 3564 occidentalem
1000 3510 1109 3560 Romam
1118 3504 1175 3557 ltu-

70 3575 131 3627 licis
151 3577 306 3645 regionibus
325 3580 479 3644 adhaerent,
493 3581 583 3633 hostes
593 3583 705 3634 maxime
718 3583 895 3649 inexspectati
916 3580 1085 3640 exstiterunt,
1096 3584 1173 3644 post.

46 3662 149 3715 =quam
168 3664 217 3715 per
237 3648 393 3703 ebrietatem
415 3649 494 3702 elusit
520 3652 612 3703 ducem
643 3668 748 3718 eorum,
775 3655 821 3722 qui
846 3660 900 3702 tum
925 3649 1064 3715 imperium
1089 3648 1175 3716 gessit

70 3716 187 3771 llichael
206 3719 286 3772 ducas
305 3721 466 3773 Doceiauus.

171 3806 223 3859 Sed
241 3808 274 3859 de
293 3808 334 3860 his
353 3811 459 3878 quidem
469 3811 543 3861 «sutis
563 3812 670 3865 dictum.
719 3810 786 3875 llysi
811 3815 915 3871 autem,
944 3807 1039 3878 quihus
1065 3808 1174 3875 propria

69 3876 256 3946 appellatione
271 3879 448 3949 Bulgarorum
466 3895 564 3934 nomeu
582 3882 733 3951 impositum
753 3887 802 3944 est,
822 3886 885 3931 tunc
903 3878 1015 3933 abiectis
1034 3880 1174 3933 servitutis

70 3949 154 4001 lreuis
174 3950 202 4001 iu
221 3949 401 4004 delectionem
419 3961 606 4020 processerant
625 3960 651 4005 et
670 3966 762 4019 regem
781 3952 808 4002 iu
825 3952 958 4006 meatibus
967 3950 1174 4004 Thessalonices

70 4027 224 4073 versantem
242 4022 369 4091 solosque
389 4024 493 4075 aulicos
513 4026 634 4089 corporis
656 4023 799 4089 stipatores
820 4023 977 4087 habeatem,
1005 4023 1105 4091 quippe
1128 4023 1174 4090 qui

72 4106 121 4161 per
139 4092 251 4143 amicam
269 4094 321 4146 lter
340 4094 442 4149 faceret
461 4104 568 4158 terrum,
588 4094 713 4147 audacter
731 4096 852 4165 aggressi
870 4102 949 4157 suut;
962 4094 1005 4145 hic
1021 4101 1109 4145 autem
1129 4095 1173 4144 iu.

75 4170 181 4221 muas
200 4163 359 4239 timul'atque
379 4169 480 4237 regiam
500 4166 609 4221 latravit
627 4181 695 4237 quae
715 4163 749 4218 ad'
766 4164 868 4220 bellum
879 4174 1055 4233 esseutopus
1070 4162 1175 4215 lortiter
