2834 4750
242 298 321 374 ace
551 305 773 374 mestuus
801 280 1061 375 arrruorlr‘r

247 468 305 547 κῆς
323 462 379 547 Ιτῆς
403 462 513 540 νυκτδς
543 469 603 541 ἓως
622 473 826 550 μεσημβρίας
857 470 966 553 αύτής.
1011 463 1081 533 εἶτα
1104 458 1361 550 συμφρονησάν-
1414 478 1415 579 l

253 588 317 630 τιον
336 572 401 640 τοις
419 566 635 650 άποστάταις,
654 572 711 689 βίρ
735 594 789 631 και
813 572 852 631 ον’
874 574 1001 648 πειθοῖ,
1025 570 1087 633 τῶν
1108 560 1415 641 άντιδσξούνταυ

249 661 285 729 τά
305 664 475 747 πρότερον,
501 662 602 729 ἔπαθε
624 672 684 747 μὲν
716 669 821 743 ου’δείς
844 694 908 733 τοιν
931 671 965 732 ἐν
993 670 1032 755 τή
1056 662 1285 751 βασιλευούση
1313 660 1361 724 καί
1414 668 1415 687 ’

245 763 306 847 τήν
326 764 437 849 ψυχήν
452 769 651 853 κατεσείσθη.
674 770 847 854 δημοτικήν
868 771 904 833 δὲ
925 774 1089 854 φλυαριαν
1101 794 1157 833 και
1176 766 1362 850 μειράκιά-

247 868 301 941 δες
322 859 458 961 άθνρμα
480 874 690 991 λογισαμρνου
709 873 768 933 τού
787 874 946 951 βασιλέως
965 870 999 936 τὸ
1025 866 1173 988 γεγρνός,
1208 865 1379 951 συνήχθηῡ

246 970 336 1032 πάσα
360 968 379 1051 ή
401 970 553 1092 γερουσία
576 995 629 1033 και
651 974 707 1053 τῆς
727 967 904 1054 συγκλήτου
928 973 1045 1054 βουλῆς
1065 967 1099 1033 τύ
1118 966 1279 1052 ἔκκριτον,
1304 963 1359 1048 τήν

246 1072 354 1135 πίστιν
374 1069 483 1134 αὐτῶν
507 1072 764 1154 ἑπιβεβαιούντες
786 1071 828 1159 τῷ
850 1075 983 1154 βασιλεῖ
999 1096 1052 1135 και
1074 1066 1357 1155 πληροφσροῦντες
1414 1136 1415 1161 ,

246 1175 361 1253 μέχρις
385 1168 504 1237 ὄστέων
525 1174 580 1235 καί
600 1176 729 1252 μυελῶν
750 1173 965 1241 κινδυνεύσειν
983 1168 1182 1260 ύπὲραύτού
1196 1168 1255 1233 καί
1278 1192 1356 1231 παν·

247 1270 344 1355 δημεί
361 1268 435 1346 τούς
456 1272 640 1365 άλιτηρίους
661 1274 955 1355 καταγωνισασθαι.
999 1270 1215 1355 συνήχθησαν
1242 1273 1282 1334 δὲ
1307 1268 1359 1332 καί

141 1372 149 1377 ”
246 1368 279 1435 οἱ
297 1373 355 1455 τήν
375 1370 606 1456 στρατεύσιμον
628 1367 754 1456 ήλικίαν
774 1372 908 1457 ἔχοντες,
939 1378 992 1437 καί
1015 1368 1084 1437 ὅσοι
1107 1374 1165 1454 τῆς
1186 1374 1388 1454 βασιλικήςισ

246 1474 456 1558 δορυφορίας,
478 1472 714 1558 ἀκατάπληκτον
736 1472 861 1557 ἔχοντες
883 1475 939 1559 τήν
961 1472 1071 1559 ὁρμήν,
1103 1476 1160 1537 κατ’
1178 1474 1357 1558 προκινδυ-

190 1620 193 1623 -
246 1574 359 1637 νεύσαι
380 1576 436 1636 τού
458 1572 695 1658 φιλανθρώπου
716 1580 873 1656 βασιλέως
895 1580 951 1639 καί
978 1579 1240 1661 φιλοικτίρμονας
1274 1597 1356 1657 προ-

245 1667 458 1753 θυμούμενοι.
501 1671 573 1737 δδὲ
594 1672 653 1757 τήν
686 1673 834 1742 ἁπάντων
869 1676 1039 1751 ἐπαινέσας
1060 1681 1273 1761 superaspersus,
1306 1675 1358 1739 καί
1414 1724 1415 1757 ,

153 1795 157 1804 “
244 1770 340 1857 γνούς
361 1774 432 1837 οιαν
453 1772 694 1859 εὐγνωμοσύνην
714 1775 782 1859 ἔχει
805 1776 884 1861 πρὸς
915 1772 1010 1842 αύτόν
1032 1774 1065 1841 τά
1091 1772 1235 1859 ύπήκοον
1262 1779 1356 1859 (τού-

246 1896 304 1938 του
324 1873 385 1956 γάρ
404 1872 501 1957 χάριν
523 1873 630 1956 οἴομαι
651 1878 705 1941 τὸν
726 1875 867 1961 τάραχον
888 1900 1011 1942 τουτονι
1035 1882 1336 1963 παρατολμηθήναι
1349 1895 1415 1983 ,li

245 1998 299 2037 ινα
321 1971 461 2058 φανεράν
483 1972 518 2039 τύ
542 1973 775 2059 παριστάμενον
798 1980 874 2043 πᾶσι
898 1982 1062 2063 γένηται),
1087 2002 1182 2042 ναυσι
1207 1982 1275 2058 μὲν
1300 2002 1356 2041 πο-
1414 1938 1415 2021 l

247 2081 391 2155 λεμικαΐς
411 2075 468 2140 τόν
490 2079 602 2141 τούτου
626 2078 773 2200 πρρθμὸν
795 2076 1018 2161 κατωχύρωσε,
1039 2082 1161 2161 μειζονι
1184 2080 1223 2143 δὲ
1245 2106 1355 2163 παρα-

245 2178 342 2261 σκευῇ
368 2174 407 2239 τά
437 2176 519 2241 κατά
550 2181 614 2242 τάν
644 2179 831 2244 άποστατάν
862 2176 1023 2261 ε”ξαρτύοιν
1056 2174 1141 2259 ὅμως
1173 2178 1237 2245 καί
1269 2204 1355 2254 τινας

246 2274 412 2340 άπέστειλε
439 2274 518 2359 πρδς
542 2277 669 2359 αύτούς,
702 2282 966 2361 πυνθανομένους
997 2306 1025 2345 τι
1025 2280 1202 2362 βούλεται
1224 2282 1355 2355 τούτοις
1414 2332 1415 2335 ,

245 2373 282 2441 τά
305 2380 479 2454 στασιῶδες
500 2385 591 2446 τουτί
610 2406 663 2446 και
686 2383 866 2463 άπάμστον.
912 2405 941 2446 οι
966 2369 999 2446 δὲ
1033 2382 1092 2466 τήν
1114 2375 1257 2448 άστατον
1294 2409 1356 2448 πα-
1361 2403 1390 2457 20

246 2482 368 2560 ροινίαν
390 2480 495 2545 αύτῶν
509 2506 561 2545 και
558 2481 739 2562 άδόκιμον
759 2487 979 2566 γλωσσαλγιάν
990 2508 1044 2548 και
1039 2483 1355 2568 παρακεκινδυνευ-

243 2583 342 2663 μένην
363 2573 516 2645 άπύνοιαν
538 2581 809 2667 ὁμολογήσαντες,
841 2582 1027 2666 συγγνώμην
1050 2609 1083 2650 τε
1111 2577 1211 2672 ᾔτουν
1241 2591 1354 2668 λαβεῖν

244 2683 300 2740 κατ’
319 2684 381 2743 τάν
402 2685 716 2766 πεπλημμελημένων
737 2679 959 2768 συγχώρησιν,
983 2689 1038 2748 καί
1059 2690 1115 2769 τῆς
1142 2692 1353 2766 συμπαθείας

202 2830 204 2835 .
244 2773 362 2861 ταύτης
382 2781 533 2862 ἐνέχυρον
554 2778 611 2864 τήν
624 2784 677 2864 ,εἰς
702 2782 845 2847 τούπίσατ
867 2782 1042 2868 περαίωσιν
1063 2781 1273 2871 ἐπιζήτησον,
1297 2785 1353 2850 καί

246 2871 348 2953 ούτιος
369 2876 467 2944 αύτόν
487 2877 542 2967 τδν
563 2887 752 2965 πρωταίτιον
781 2886 836 2968 τῆς
860 2889 1009 2969 κοσμικῆς
1035 2890 1255 2962 κακοπαθείας
1286 2902 1384 2954 nor-25
1414 2891 1415 2932 l

317 3059 360 3111 17.
376 3060 486 3129 τούτου]
508 3064 557 3114 τοῦ
574 3063 682 3117 Στενοιί
691 3060 706 3111 ‘l

246 3217 287 3262 est
309 3223 389 3261 nemo
407 3209 436 3260 in
458 3210 534 3277 regia
552 3211 715 3261 versantium
735 3211 876 3278 quidquam
900 3199 989 3279 neque
1008 3213 1095 3262 animo
1124 3227 1272 3266 concussus
1292 3223 1348 3268 est.
1414 3251 1415 3274 q

244 3279 391 3348 populares
416 3287 506 3330 autem
532 3280 690 3349 quisquilias
716 3289 743 3332 et
759 3280 893 3334 iuveniles
920 3297 1005 3350 nugas
1024 3291 1134 3349 putante
1151 3299 1219 3352 rege
1237 3285 1347 3351 facturn,
1414 3337 1415 3342 ,

244 3361 355 3404 coactus
375 3359 416 3402 est
433 3359 503 3404 totus
520 3351 636 3404 'senatus
664 3361 690 3403 et
708 3360 857 3404 conventus
883 3353 965 3404 electi
995 3353 1071 3404 fidem
1092 3369 1165 3407 suam
1181 3355 1347 3410 affirmantes
1414 3369 1415 3412 ξ

243 3424 303 3490 regi
322 3430 349 3474 et
366 3429 519 3475 asserentes
537 3439 566 3474 se
587 3439 672 3490 usque
691 3417 724 3475 'ad
737 3437 797 3476 ossa
823 3433 849 3474 et
867 3423 1010 3476 medullam
1029 3433 1244 3510 propugnaturos
1266 3431 1301 3494 ei,
1321 3437 1348 3480 et
1414 3491 1415 3494 Ἴ

243 3501 302 3545 toto
321 3493 422 3562 populo
442 3493 573 3547 scelestos
591 3493 791 3546 debellaturos:
812 3496 936 3546 conducti
955 3505 1016 3549 sunt
1036 3499 1115 3548 ctiam
1135 3499 1181 3565 qui
1201 3497 1346 3551 militarem

244 3573 359 3617 semem
377 3564 493 3633 agebant
512 3573 539 3616 et
557 3566 709 3632 quicunque
725 3571 758 3616 ex
769 3567 853 3634 regiis
872 3565 1059 3622 satellitibus'
1052 3583 1240 3620 inconcussum
1261 3571 1346 3622 lrabe-

243 3636 308 3689 bant
325 3638 452 3720 impeturn
470 3645 497 3687 et
512 3651 683 3703 propugnare
698 3635 811 3688 humano
830 3639 889 3705 regi
910 3645 937 3689 et
955 3640 1121 3692 misericordi
1140 3639 1279 3694 volebant.
1298 3642 1346 3693 ille

245 3717 333 3761 autem
350 3709 467 3760 omniurn
481 3707 601 3763 ,laudans
620 3707 785 3759 voluntatem
811 3716 837 3759 et
856 3722 1040 3776 cognoscens,
1060 3710 1141 3778 quale
1161 3713 1278 3765 studium
1296 3713 1346 3764 lra.
1414 3729 1415 3736 ¹

244 3779 341 3833 herent
359 3794 424 3848 erga
443 3794 474 3830 se
492 3779 605 3831 subiecti
626 3783 784 3846 (propterea
809 3780 879 3830 enim
906 3789 969 3847 puto
989 3781 1091 3833 turbam
1116 3781 1185 3834 hanc
1206 3787 1347 3836 excitatam

247 3866 318 3935 esse,
337 3859 366 3902 ut
384 3850 519 3903 manifesti
537 3850 606 3903 socii
625 3851 746 3902 omnibus
766 3851 895 3919 fierent),
916 3851 1028 3904 navibus
1054 3853 1161 3905 bellicis
1182 3853 1279 3907 fretum
1298 3856 1346 3906 lir-
1414 3881 1415 3922 4

243 3923 336 3985 mavit,
355 3923 456 3973 maiore
475 3929 563 3973 autern
581 3929 709 3988 apparatu
729 3921 840 3988 quaead
857 3923 1000 3976 seditiosos
1015 3924 1185 3991 pertinebant
1202 3927 1347 3990 instruens,
1414 3935 1415 3956 ³

244 3998 334 4043 tamen
353 3995 432 4045 etism
450 3992 596 4046 nonnullos
615 3993 688 4043 misit
705 3993 738 4044 ad
751 4007 807 4056 eos,
827 3994 873 4058 qui
887 4003 1024 4072 rogarent,
1044 3996 1107 4062 quid
1123 3996 1175 4048 sibi
1196 3997 1282 4050 vellet
1298 4013 1347 4048 se.

244 4061 311 4113 ditio
331 4061 397 4115 haee
416 4073 443 4115 et
462 4065 627 4116 coniuratio:
646 4063 688 4115 illi
707 4072 795 4115 autem
815 4061 964 4117 infirmam
957 4068 1085 4118 rnsaniam
1099 4081 1172 4119 suam
1192 4076 1220 4118 et
1237 4067 1346 4136 ignobi.
1414 4111 1415 4114 ,

244 4134 298 4184 lem
318 4134 452 4184 audaciam
472 4143 499 4186 et
516 4143 671 4187 temeratam
689 4136 892 4201 imprudentiam
911 4137 1028 4204 professi
1047 4139 1152 4190 veniam
1172 4138 1301 4206 petebant
1321 4147 1347 4191 et
1414 4139 1415 4144 ’

157 4217 160 4223 ’
243 4204 376 4270 factorum
387 4205 582 4272 remissionem,
607 4213 687 4276 atque
699 4207 899 4262 misericordiae
912 4208 990 4270 huius
1002 4209 1099 4279 pignus
1114 4211 1255 4268 nuncium
1273 4217 1345 4265 retro
