2834 4750
223 251 298 328 2⁰0
524 238 745 322 metamus
774 235 1032 316 imbuerant

223 427 336 511 διόρων
364 424 423 510 τὴν
449 421 570 510 ζτοότου
594 420 794 507 ’κατάσχεσιν
820 419 876 487 καί
893 419 1079 504 άπόληψιν,
1115 417 1150 482 ἓν
1183 414 1235 502 τῷ
1261 416 1359 501 μδσηι

224 531 283 594 τοῦ
309 529 466 610 βασιλέως
494 527 638 606 οἰυμόνου
670 521 843 608 εἰρηνεύειν
876 519 917 585 τά
947 518 1145 605 πράγματα·
1201 512 1274 598 τὴν
1294 510 1358 597 γάρ

225 630 289 692 τεόν
306 626 453 711 Τοόρκων
474 625 579 710 άπηνῆ
598 621 808 710 ’ἐπικράτειαν
830 624 875 698 εἰς
889 623 983 687 οὐδὲν
1001 623 1164 702 ἐλογίζετο
1179 618 1225 681 δι’
1248 615 1359 680 άναλ-

204 715 339 816 ’γησίαν
362 728 417 793 καί
438 737 532 810 μῖσος
552 726 586 790 τό
609 723 688 811 πρός
708 726 897 808 Ῥωμαίους,
919 723 963 798 σός
987 721 1098 786 ἔοικεν.
1299 803 1302 805 Δ

320 820 413 918 Ἐνῷ
440 833 496 892 καί
523 827 690 906 δικάζοντα
714 824 881 907 πολλάκις,
902 822 945 902 ὥς
968 823 1097 902 εἴωθεν,
1125 817 1377 902 α’συμβάτοὶιςό

225 933 315 1006 δι’κας
349 929 403 994 καί
430 930 604 1015 α’προοφυῆ
632 932 761 1010 βασιλεῖ
767 977 776 1009 ,
797 926 852 990 καί
882 923 1059 1006 α’νευλόγως
1082 917 1351 998 καταδικάζοντα

223 1031 298 1107 τούς
321 1029 510 1114 α’νθριόπους
531 1023 715 1112 όποθηκαις
743 1030 804 1091 τεόν
831 1024 1091 1111 συνηγορούντων
1110 1029 1184 1095 τοῖς
1206 1022 1350 1102 χείροσι,

226 1135 332 1218 φῆμαι
356 1127 668 1211 καταλαμβάνουσαι,
689 1124 764 1202 τούς
787 1123 949 1213 Τοόρκους
971 1128 1123 1208 λέγουσαι
1145 1121 1235 1203 περὶ
1256 1123 1350 1184 Χαλ-

226 1230 345 1316 κηδόνα
368 1233 423 1295 καί
434 1231 640 1312 Χρυσόπολιν
661 1231 878 1312 κατατρέχειν,
901 1218 976 1310 άρττ
997 1226 1119 1308 πρῶτον
1140 1224 1184 1310 τῇ
1208 1219 1350 1307 τοιαύτη

226 1327 438 1418 πληοιοχυόρρι
460 1324 728 1415 ἐπιφοιτήσαντος
747 1329 797 1414 γῇ,
829 1328 981 1407 ου’δεμίαν
1004 1321 1153 1408 ταραχήν
1178 1320 1377 1384 &venatorum

227 1429 282 1495 stul
301 1427 480 1513 σόγχύσιν,
507 1430 576 1493 αλλ’
605 1428 648 1503 alc
681 1427 852 1512 άλλοτριάς
881 1424 990 1509 χοόρας
1020 1421 1218 1507 πασχούσης
1251 1418 1347 1494 αύτός

227 1520 381 1614 ἄφροντις
414 1526 533 1608 ἔμενεν.
585 1524 685 1603 οὕτως
718 1521 776 1592 οόν
801 1527 903 1593 αότοό
928 1525 1077 1608 ipsarum,
1112 1523 1129 1585 ό
1163 1550 1205 1591 τα
1238 1526 1348 1605 πραότο

226 1634 304 1711 παρ’
326 1627 428 1691 ου’τοῦ
459 1630 566 1713 φέρων
588 1627 771 1714 Νικηφόρος
801 1627 818 1692 ό
845 1629 1014 1712 λογοθέτης
1039 1627 1097 1690 τοῦ
1121 1619 1271 1710 δρόμου,
1295 1620 1347 1704 τήν

226 1732 272 1806 εἰς
294 1726 349 1791 τόν
367 1731 504 1812 βασιλέα
527 1721 653 1793 εόνοιαν
677 1727 877 1811 πολλαχόθεν
910 1721 1128 1808 ε’πισεμνύνειν
1152 1720 1273 1810 ἑαυτῷ
1294 1746 1346 1786 σο·

227 1831 409 1914 φιζόμενος,
433 1827 568 1916 ἔπραττε
589 1832 650 1909 μὲν
673 1822 733 1894 ὅσα
761 1829 863 1917 τοότηι
883 1831 1065 1916 βουλομένῳ
1088 1829 1185 1911 ε’νῆν,
1209 1828 1377 1892 durari-li

226 1931 296 2012 χιζε
321 1931 356 1994 δὲ
381 1933 436 2014 τῆς
467 1932 523 1994 toi
546 1919 702 2011 βασιλέως
726 1925 848 2014 άγάπης
873 1927 929 2012 την
951 1953 985 1992 τε
1013 1930 1134 2012 μητόρα
1170 1927 1233 1992 καὶ
1268 1928 1343 2001 τούς

228 2027 403 2111 όμαίμονας
424 2035 478 2096 καί
496 2035 569 2106 τούς
590 2030 720 2105 λοιπούς
742 2037 899 2114 συγγενεῖς
920 2027 964 2103 σός
984 2029 1216 2111 βασιλειῶντας
1242 2031 1340 2111 δῆθεν

227 2131 283 2194 κατ’
306 2129 341 2195 τό
366 2143 513 2197 συνοῖσον
544 2133 628 2220 αὐτῷ
650 2130 694 2216 μη
718 2135 894 2211 θέλοντας,
914 2129 969 2194 κατ’
991 2125 1038 2195 ότι
1063 2128 1164 2203 ου’τός
1186 2127 1289 2208 μόνος
1313 2150 1344 2190 το

227 2236 395 2318 συμφέρον
418 2232 503 2322 αὐτῷ
523 2229 768 2310 διασπουδάζων
793 2237 975 2316 καθέστηκε.
998 2232 1047 2294 διό
1071 2231 1111 2314 δη
1135 2233 1193 2294 κατ’
1211 2226 1338 2313 μεγάλα

229 2330 317 2418 παρά
343 2335 386 2421 τῷ
407 2322 538 2416 βασιλεῖ
561 2332 709 2418 δυνηθεὶς
733 2330 829 2408 ου’τός
862 2323 899 2416 ἦν
922 2331 939 2398 ό
962 2331 995 2399 τό
1021 2335 1083 2398 πάν
1103 2333 1264 2416 διεξάγων
1283 2335 1371 2413 τῆςγρ

228 2435 404 2517 βασιλείας,
426 2437 481 2499 καί
500 2441 547 2521 τῷ,
562 2440 695 2517 βασιλεῖ
718 2436 894 2516 ἐπιτρόπων
914 2432 947 2499 τό
982 2434 1266 2520 πραχθησόμενον,
1286 2432 1338 2495 καὶ

227 2531 285 2608 τός
308 2533 405 2615 τιμάς
437 2535 492 2601 κατ’
510 2538 660 2619 προνοίας
691 2527 738 2612 οἷς
767 2532 912 2616 ἐβούλετο
931 2534 1144 2620 χαριζόμενος
1173 2530 1230 2597 διά
1254 2540 1334 2616 λημ-

302 2710 328 2762 6.
357 2712 539 2837 απρφοφυεῑς
562 2713 712 2781 interprest
745 2711 768 2768 0
792 2712 958 2786 άπροσφυῆ.
1101 2710 1128 2762 8.
1149 2664 1329 2784 κάτειλαμβᾶ-

292 2797 387 2839 *soum
424 2820 431 2835 .

231 2963 341 3017 praeses
362 2956 450 3000 antem
467 2949 579 3003 Alexins
598 2950 716 3019 agitabat
734 2951 811 3002 donis
837 2951 915 3002 buius
940 2950 1117 3002 retentionem
1143 2958 1169 3001 et
1189 2950 1329 3017 captivitas.

227 3020 301 3086 tem,
326 3022 385 3072 dum
404 3038 453 3073 rex
471 3030 545 3088 putat
570 3039 613 3075 res
633 3038 692 3075 esse
711 3029 827 3090 pacatae.
865 3023 1005 3075 Tarcarum
1031 3024 1101 3073 enim
1126 3021 1261 3074 crudelem
1280 3023 1330 3074 do.

231 3093 403 3144 minationem
420 3093 499 3145 nihili
519 3093 634 3146 faciebat
652 3095 818 3161 impatientia
839 3103 867 3147 et
885 3096 946 3146 odio
959 3096 1129 3157 Graecorum,
1150 3101 1180 3144 ut
1200 3093 1330 3152 videtur„

250 3189 252 3195 ·
330 3165 402 3216 Inter
430 3181 498 3233 quae
524 3181 582 3216 cum
614 3182 672 3217 eam
692 3167 880 3219 diiudicantem
899 3181 998 3234 saepe,
1019 3174 1047 3217 ut
1065 3164 1179 3228 solebat,
1199 3164 1260 3216 lites
1277 3179 1328 3216 non
1396 3178 1398 3181 ’

232 3244 306 3305 aptas
324 3251 414 3303 neque
439 3239 648 3290 accommodatas
666 3239 742 3307 regi,
775 3246 802 3289 et
820 3240 1001 3305 imprudenter
1029 3239 1195 3288 damnantem
1213 3236 1327 3287 homines
1396 3259 1397 3266 ι

232 3306 347 3360 consilio
363 3308 499 3373 peioribus
512 3308 705 3373 auxiliantium,
723 3310 791 3361 lama
804 3318 1003 3378 assequeretur,
1025 3310 1126 3372 diceus,
1146 3307 1246 3358 'lurcos
1262 3309 1327 3358 cirea

234 3379 431 3433 chalcedonem
451 3388 477 3429 et
489 3378 668 3447 chrysopolin
689 3383 876 3447 percursiones
896 3381 995 3444 lacere,
1015 3388 1069 3432 turn
1088 3380 1200 3445 primum
1218 3386 1269 3429 tam
1286 3380 1327 3430 vi.

233 3450 311 3503 cinae
330 3450 464 3502 inhiantes
484 3458 581 3517 terrae,
601 3450 702 3502 nullam
721 3451 822 3503 turbam
841 3452 908 3503 haec
929 3455 953 3503 ci
972 3451 1128 3503 inficiebant
1147 3458 1174 3521 et
1193 3451 1326 3503 conlusio.

231 3537 312 3574 uem:
340 3522 387 3573 sed
402 3524 477 3591 quasi
496 3523 585 3575 aliena
609 3532 681 3574 terra
700 3532 854 3588 vexaretur,
872 3526 931 3591 ipse
954 3525 1096 3590 impatiens
1120 3522 1251 3574 manebat.
1285 3523 1325 3587 qui

234 3594 340 3662 quidem
360 3610 418 3645 cum
437 3593 518 3645 talem
537 3611 566 3647 se
586 3594 738 3662 praeberet,
757 3594 934 3662 Nicephorus‚
960 3597 1005 3663 qui
1024 3598 1121 3662 primas
1141 3594 1173 3645 ab
1194 3610 1226 3645 eo
1246 3596 1324 3647 reler.

185 3687 197 3702 ·
231 3672 284 3730 ret,
304 3665 443 3733 logotheta
468 3667 562 3731 stadii,
587 3667 685 3717 bonum
714 3682 778 3735 erga
802 3682 893 3736 regem
917 3668 1030 3718 animum
1056 3666 1216 3734 plerumque
1235 3670 1324 3718 iactare

235 3736 346 3801 callens,
367 3738 463 3807 agebat
482 3739 597 3805 quidem,
619 3754 794 3807 quaecunque
815 3753 847 3790 ex
865 3738 940 3791 illius
959 3739 1045 3789 auimo
1066 3745 1155 3789 erant:
1176 3739 1324 3791 excludebat

234 3814 322 3858 autem
341 3823 357 3858 n
374 3811 449 3876 regis
469 3825 559 3861 amore
578 3818 687 3872 matrem
708 3818 734 3861 et
754 3812 969 3878 consanguineos
990 3818 1016 3860 et
1034 3820 1139 3863 ceteros
1159 3820 1282 3879 cognatos
1298 3819 1323 3861 ut

232 3892 347 3944 regnare
375 3882 480 3932 scilicet
507 3884 646 3950 cupientes
674 3898 762 3949 neque
783 3882 852 3951 quod
872 3884 897 3932 ei
925 3882 1092 3948 profuturum
1110 3891 1183 3934 esset
1201 3882 1322 3944 volentes,
1396 3897 1397 3902 ’

234 3955 261 3999 et
277 3951 352 4015 quasi
371 3952 430 4017 ipse
449 3952 522 4005 solus
541 3955 608 4006 utile
629 3956 653 4005 ei
672 3963 779 4023 pararet
799 3954 915 4007 exstitit:
936 3953 1105 4021 quamobrem
1127 3956 1207 4006 etiam
1224 3956 1322 4007 multum

233 4019 303 4086 apud
322 4034 413 4086 regem
432 4021 525 4076 valens
545 4027 602 4093 ipse
623 4035 688 4091 erat,
709 4028 754 4095 qui
779 4027 866 4083 omnia
886 4026 1028 4091 perliceret
1056 4027 1133 4093 regni
1153 4034 1181 4077 et
1200 4029 1255 4095 regi
1272 4035 1320 4077 trr-

233 4092 311 4143 deret
328 4105 396 4157 quae
416 4102 506 4143 essent
524 4098 626 4164 agenda
646 4107 671 4147 et
691 4099 806 4150 honores
833 4105 860 4148 et
884 4097 1136 4161 administrationes,
1157 4098 1250 4165 quibus
1266 4097 1320 4149 ael.

231 4162 283 4230 let,
303 4162 402 4217 donans
422 4163 549 4219 reditibus
568 4183 621 4219 nou
641 4171 750 4234 parvis:
771 4176 827 4220 erat
845 4171 914 4248 enim
934 4176 1041 4235 praeter
1060 4177 1151 4221 cetera
1169 4170 1233 4222 vitia
1251 4169 1318 4222 stiam
