2834 4750
310 289 358 366 98
614 294 835 365 uictimis
864 294 1123 364 fflfflOTAE

309 469 363 532 διὰ
394 473 528 550 χειλέων
564 471 619 532 τού
643 471 813 552 Διογένους
834 465 1081 551 ὁμολογούμενον
1104 467 1291 554 ἐπυθόμην.
1337 494 1411 552 ysne

307 573 411 649 μένων
434 569 470 632 δὲ
490 565 687 651 γραμμάτων
709 568 789 652 πρός
803 567 941 643 ἐκείνους
960 559 1049 656 ε’φ’ᾧ
1070 573 1263 652 τελεσθῆναι
1293 576 1350 635 καί
1366 570 1411 646 τά,

307 671 469 754 συνθήκας
492 671 532 732 δι’
550 662 658 752 όρκου,
677 673 739 735 τιόν
759 667 950 751 συμβούλων
969 670 1071 732 αύτού
1092 692 1147 748 τις,
1170 668 1209 732 τό
1233 674 1332 751 γένος
1350 675 1411 752 Ἀρ·

304 776 422 852 μένεος,
446 769 480 844 ὃς
502 773 558 834 καί
577 771 656 854 πρός
676 769 710 834 τό
738 767 829 852 ἔργον
851 768 952 833 ου’τόν
970 769 1123 850 μειζόνως
1144 773 1323 853 ήρέθισεν,
1348 773 1411 834 ε’πε·

306 871 501 953 βουλεύσατο
526 869 634 960 τούτῳ,
657 872 713 935 καί
733 871 913 951 συμπείσας
934 871 1120 936 ἀποστεῖλαι
1143 870 1224 945 τούς
1247 872 1337 958 ἄμφ’
1359 875 1411 936 ου’·

304 971 359 1038 τόν
381 970 522 1058 μηνυτὰς
538 973 599 1036 τῶν
614 974 882 1053 βεβουλευμένων,
906 970 985 1054 πρός
997 969 1175 1051 σύμπνοιαν
1198 965 1342 1049 ἄξοντας
1360 979 1411 1037 tait

304 1095 339 1136 τε
362 1072 622 1156 στρατηγούντων
653 1070 708 1137 καί
738 1076 802 1135 τοόν
830 1068 1103 1156 ύπηκόωντινάς,
1135 1071 1179 1145 οός
1205 1066 1299 1135 εἶδεν
1321 1073 1411 1138 odedi

304 1177 500 1256 ἐψιλωμένον
521 1175 642 1256 χειρός,
664 1182 812 1237 κατεῖπεν
833 1172 933 1237 αύτού
955 1175 989 1235 έν
1011 1182 1076 1246 τοῖς
1103 1172 1284 1255 ἐγχωρίοις
1305 1169 1347 1247 σός
1372 1172 1411 1256 εἴη

301 1275 520 1360 μεμελετηκώς
535 1275 743 1355 α’ποστασίαν,
765 1277 885 1355 μᾶλλον
901 1275 937 1336 δὲ
952 1275 1125 1357 προδοσίαν
1140 1273 1256 1337 αύτῶν
1275 1275 1325 1348 εἰς
1346 1277 1411 1348 τούς

305 1372 528 1460 Σαυρομάτας.
572 1379 628 1440 καί
648 1374 728 1456 πρός
749 1372 857 1454 θυμόν
884 1375 1066 1457 turpatione
1086 1372 1209 1448 αύτούς
1230 1376 1410 1440 ἐπιτίθεται

304 1479 405 1564 τούτῳ
426 1477 567 1560 α’θρόον,
591 1479 646 1540 καί
666 1476 779 1556 μόνον·
795 1473 936 1560 εύρηκοός
957 1475 1172 1555 συλλαμβάνει
1204 1475 1267 1540 καί
1297 1478 1344 1550 είς
1364 1477 1410 1558 τήν

302 1574 535 1658 βασιλεύουσαν
557 1568 627 1660 άγει
651 1576 827 1660 δεσμώτην,
850 1579 940 1652 δίκας
951 1579 1011 1640 τού
1030 1576 1231 1659 τολμήματος
1256 1580 1408 1643 διόσοντα.

303 1675 424 1759 κριθείς
436 1677 543 1741 τοίνυν
564 1675 650 1761 παρά
666 1681 729 1743 τεόν
743 1677 874 1760 πριότων
891 1679 945 1759 τῆς
958 1678 1131 1760 συγκλήτου
1143 1681 1273 1760 βουλῆς
1293 1682 1341 1768 τῷ
1355 1681 1409 1742 τῶν

302 1773 479 1860 έπιβούλων
501 1776 585 1867 νόμρι
603 1771 687 1842 ἑάλω
709 1779 763 1842 καί
780 1780 1006 1863 κατεψηφίσθη
1028 1782 1146 1862 θανεῖν,
1169 1775 1216 1862 μή
1242 1779 1407 1861 α’ντερίοας

300 1871 323 1962 ἢ
351 1879 531 1954 άντιθέσεις
560 1879 763 1959 πλασάμενος
791 1873 812 1962 'd
833 1875 890 1962 τήν
913 1880 1101 1962 κατηγορίαν
1127 1878 1406 1962 α’παρνιγσάμενος,

206 1965 208 1971 ,
302 1972 371 2044 ἄλλ’
388 1978 590 2063 αύτέλεγκτος
608 1983 642 2044 ἐκ
663 1982 719 2063 τῆς
740 1979 908 2062 ὁμολογίας
926 1980 1098 2062 γενόμενος.
1122 1981 1154 2042 εί
1174 1980 1211 2041 δὲ
1229 1983 1292 2043 καί
1316 1976 1403 2051 πύτύς

289 2075 366 2144 ’τῶν
398 2079 596 2150 δικασάντων
624 2085 721 2163 μέρος
744 2079 911 2163 ὑπῆρχον,
933 2077 1041 2144 ἴσασιν
1062 2075 1092 2142 ot
1114 2084 1239 2143 πολλοί.
1286 2077 1404 2143 διὸκαὶ

301 2178 455 2267 ύπερορίςι
476 2179 639 2265 ἀπεστάλη
662 2177 742 2262 πρὸς
769 2183 883 2262 νήσου,
904 2183 1000 2244 πᾶσιν
1021 2174 1113 2242 υἷνίαν
1138 2182 1316 2259 ἐνθέμενος
1348 2173 1403 2242 dou

299 2284 354 2363 τῆς
370 2281 471 2344 ου’τού
490 2277 629 2366 νεότητος
644 2275 664 2364 ή
679 2285 734 2345 καί
747 2279 965 2363 γενναιότητος
987 2283 1021 2344 ἐν
1040 2282 1133 2367 πείρρι
1150 2283 1363 2366 καθίσταντο.
1381 2275 1403 2338 ολ

300 2384 329 2444 d’
352 2380 538 2464 άγνοούντες
561 2379 659 2445 adria
681 2385 715 2444 εἰι
738 2384 798 2446 τῶν
819 2378 951 2446 εἰδότων
971 2378 1278 2463 παραλαμβάνοντες
1303 2383 1410 2463 riurja-1

296 2505 357 2565 χον
379 2484 411 2560 ἐξ
428 2482 523 2565 ιίκοής
545 2486 694 2563 ἐρασταί·
720 2486 775 2546 καί
796 2481 849 2545 διά
874 2485 966 2546 τούτο
982 2484 1024 2545 δι’
1045 2486 1142 2565 εύχής
1165 2474 1206 2564 ήν
1231 2493 1302 2557 τοῖς
1326 2482 1400 2554 όλοις

299 2581 456 2665 ἀνώτερον
476 2582 626 2663 γενέσθαι
646 2580 699 2646 τόν
721 2573 823 2666 ἄνδρα
838 2577 1055 2666 κολαστηρίων
1067 2581 1122 2646 καί
1139 2587 1350 2667 χαρισθῆναι
1371 2582 1399 2665 τή

369 2768 395 2819 6.
416 2765 530 2829 ἄξοντες
548 2765 578 2819 G.
655 2766 696 2818 13.
718 2733 839 2837 κριθεὶς]
851 2771 900 2820 καὶ
916 2770 977 2826 θεὶς
997 2768 1026 2821 G.
1076 2843 1079 2848 ⁴

297 2919 396 2989 phorus
415 2922 542 2991 magister
559 2921 737 2973 Botaniatcs:
764 2922 815 2972 hoc
834 2924 904 2973 enim
921 2924 986 2989 ipsis
1007 2922 1090 2975 labris
1116 2925 1190 2992 (ipso
1210 2927 1275 2992 oro)
1298 2924 1394 2991 Dioge·

295 2994 338 3047 nis
356 2994 535 3045 confirmatum
555 2994 682 3060 comperi.
720 2993 807 3044 missis
823 2989 913 3045 ”autem
934 2995 1041 3060 scriptis
1067 2995 1101 3047 ad
1122 2994 1204 3056 ilios,
1229 3000 1263 3043 ut
1289 3009 1393 3060 compo·

294 3073 423 3117 nerentur
446 3066 524 3115 etiam
544 3066 682 3131 pactiones
701 3065 882 3129 iureiurando,
896 3065 1108 3118 consiliariorum
1134 3065 1195 3115 eius
1215 3065 1392 3133 quidam‚ge·

294 3152 360 3187 nera
389 3136 548 3201 Armenius,
578 3138 623 3205 qui
648 3138 727 3189 etiam
752 3135 785 3186 ad
804 3134 902 3187 iactum
922 3154 981 3189 eum
1000 3138 1086 3204 magis
1105 3135 1268 3198 exitaverat,
1290 3138 1391 3187 insidias

294 3209 358 3259 huic
376 3208 473 3260 struxit
491 3215 518 3257 et
536 3208 698 3274 persuadens
719 3208 762 3271 ei,
781 3215 811 3257 ut
828 3208 946 3259 mitteret
965 3222 1029 3261 suos
1046 3209 1150 3258 indices
1169 3206 1351 3259 consiliorum
1366 3202 1390 3256 ελ

293 3280 450 3331 societatem
468 3279 636 3332 inducturos
655 3279 781 3347 quosdam
795 3279 890 3329 ducum
909 3289 935 3331 et
953 3280 1141 3342 subiectorum,
1168 3286 1316 3345 postquam
1336 3278 1388 3331 vidit

293 3366 353 3402 eum
371 3351 495 3401 nudatum
514 3367 600 3414 manu,
620 3351 757 3403 accusavit
776 3366 834 3401 eum
853 3351 923 3415 apud
940 3350 1053 3414 incolas,
1071 3350 1146 3417 quasi
1163 3350 1314 3401 meditatus
1332 3351 1387 3401 esset

293 3422 482 3485 deiectionem,
506 3424 564 3474 sive
586 3424 674 3487 potius
693 3422 871 3486 proditionem
891 3436 982 3473 eorum
1002 3422 1034 3473 ad
1054 3420 1234 3484 Sauromatas,
1255 3429 1285 3471 et
1312 3424 1384 3471 anino

291 3495 407 3546 incitans
428 3508 474 3545 cos
492 3493 632 3543 insidiatur
652 3492 714 3543 huic
733 3491 810 3543 simul
831 3499 858 3543 et
876 3492 962 3545 solum
984 3494 1124 3544 inveniens
1145 3491 1385 3558 comprehendito

292 3564 325 3617 ad
343 3567 445 3634 regiam
464 3564 536 3615 ducit
554 3565 705 3628 captivum,
726 3558 826 3627 poenas
845 3564 945 3630 incepti
968 3564 1097 3616 daturum.
1124 3564 1258 3614 iudicatus
1279 3564 1384 3630 igitur!

251 3660 258 3667 ·
291 3636 456 3703 principibus
488 3635 630 3687 convocati
654 3641 761 3685 senatus
789 3634 851 3700 lege
875 3635 1058 3686 insidiatorum
1086 3633 1272 3701 deprehensus
1303 3643 1344 3687 est
1364 3636 1389 3710 ‘dt

291 3708 426 3759 damnatus
443 3708 545 3769 mortis,
565 3721 619 3757 non
640 3705 825 3755 contradicens
845 3714 889 3756 aut
908 3707 1092 3771 oppositiones
1112 3706 1216 3774 fingens
1237 3713 1286 3755 aut
1314 3719 1388 3774 acra-p

291 3778 422 3828 sationem
441 3792 553 3845 negans,
572 3776 620 3828 sed
639 3776 779 3827 convictus
799 3777 857 3841 ipse
876 3778 1062 3827 concessione.
1099 3793 1162 3829 num
1181 3784 1272 3827 autom
1294 3786 1324 3827 et
1339 3778 1387 3841 ipsu

291 3847 407 3899 iudicum
424 3865 485 3916 pars
504 3848 620 3910 fuerim,
650 3848 738 3907 sciunt
757 3844 889 3913 plerique,
909 3848 1079 3915 quamobrem
1100 3849 1179 3899 etiam
1198 3847 1287 3899 exilio
1300 3849 1358 3899 miss

293 3926 334 3967 est
351 3919 382 3969 ad
401 3919 524 3983 insulam,
545 3918 665 3970 omnibus
686 3918 878 3985 aegritudinem
905 3921 1052 3985 imponens,
1079 3920 1235 3986 quicunque
1264 3921 1326 3970 eius
1349 3918 1380 3965 iu·

290 3995 428 4039 ventutem
452 3998 497 4041 aut
524 3993 603 4041 etiam
627 3989 794 4042 nobilitatem
821 3991 925 4055 experti
949 3999 1037 4051 craut3
1058 3991 1103 4056 qui
1128 3997 1218 4041 autem
1236 3988 1379 4057 ignorarant

291 4073 361 4121 eurn,
380 4074 396 4108 a
414 4061 559 4113 scientibus
579 4062 717 4112 audientes
736 4060 835 4111 fiebant
853 4061 983 4111 audiendo
1009 4062 1066 4112 eius
1094 4069 1246 4125 amatores,
1276 4069 1305 4113 et
1328 4072 1377 4126 pro·

290 4136 382 4197 pterea
402 4124 535 4183 omnibus·
548 4140 611 4184 voto
640 4141 714 4194 erat,
735 4133 899 4197 superiorem
924 4131 983 4180 fieri
1006 4133 1097 4182 ¹virum
1120 4132 1217 4199 poeuis
1243 4140 1273 4183 et
1302 4124 1376 4207 donat}

290 4202 451 4259 Graecorum
476 4202 598 4269 imperio.
637 4216 695 4252 cum
721 4210 810 4252 autern
830 4203 909 4253 etiam
928 4201 1068 4255 consilium
1088 4204 1140 4256 riri
1157 4217 1215 4256 non
1234 4207 1333 4257 amoris
1347 4208 1376 4255 ιιΙ
