2834 4750
519 306 728 378 nrsnonm
855 333 859 336 ⁴
1102 309 1173 380 113

60 489 156 550 γνων
177 466 234 551 τήν
254 463 396 548 ε’μαοτοῦ
417 473 591 553 σωτηριάν,
612 465 687 534 ὅσον
717 469 776 553 τήν,
797 473 859 536 τοῖν
874 471 1042 552 Ῥωμαίων
1062 475 1175 555 κατέγ-

61 591 135 632 νων
158 565 277 633 δειλίαν
308 561 330 652 ἢ
360 567 585 652 ἀπειροκαλίαν
613 565 884 656 ἢταπεινύτητα·Ι
939 570 1094 656 τοσαύτης
1114 568 1174 656 γάρ

60 671 238 753 γενομένης
252 671 439 754 καταφοράς
455 667 510 734 καί
526 664 618 756 ἥττης
631 672 693 736 τῶν
712 670 880 753 Ῥωμαίων
896 671 956 755 πρὸ
974 676 1029 756 τῆς
1050 695 1176 756 παρεμ-

60 768 177 850 βολῆς,
200 769 305 845 ούδείς
323 773 384 834 τοδν
399 773 517 834 λοιπῶν
539 767 642 854 λόχων
657 774 713 836 καί
724 774 870 855 λοχαγῶν
892 773 937 846 είς
959 761 1083 853 άμαναν
1104 773 1176 858 διη-

33 869 220 949 spensam,
249 861 330 933 άλλά
360 870 482 948 πάντες,
507 868 596 936 ἔνδον
624 870 798 957 καθήμενοι
832 875 963 947 ἕκαστος
994 869 1030 938 τὸ
1062 875 1175 937 οἰκεῖον

61 964 164 1050 ἔργον
185 968 229 1046 οδες
250 969 302 1035 διά
321 975 430 1056 φιλίας
451 975 509 1055 γῆς
532 970 776 1058 ἔνσκηνούμενος
811 973 1107 1057 διεπράττετο,καί
1127 974 1177 1036 κί-

61 1093 161 1153 νησις
180 1075 290 1154 ψυχῆς
310 1073 379 1138 ούδ’
401 1075 521 1156 άγωνιά
542 1072 672 1149 τούτους
693 1071 728 1138 τά
750 1071 902 1159 παράπαν
924 1075 1113 1159 ἐξώρμησεν.

167 1169 205 1236 Ὁ
227 1165 265 1237 δὲ
293 1171 444 1253 βασιλεύς
465 1170 555 1239 ἔνδον
584 1178 641 1238 τοῦ
665 1173 804 1261 κάστροο
835 1176 949 1239 τούτου
971 1173 1180 1258 μεμαθηκώς,

62 1269 152 1352 μετά
179 1275 294 1357 πολλῆς
319 1276 375 1357 τῆς
398 1273 489 1349 άνίας
516 1277 639 1339 ἑκείδεν
668 1274 850 1341 ἐπανελθών
874 1276 1029 1359 πρύςτόν
1047 1276 1177 1359 χάρακα

20 1369 152 1453 τομετά
189 1376 252 1437 τοῦν
285 1361 557 1464 σονύντωνάύτῷ
587 1379 835 1454 Καππαδοκῶν,
865 1377 983 1461 πολλὴν
1005 1375 1061 1441 καί
1080 1374 1177 1452 αύτδς

30 1508 32 1512 ·
64 1473 124 1556 τη“ν
143 1473 335 1558 α’βελτηρίαν
359 1479 496 1558 κατέγνω
515 1478 632 1541 τούτων
654 1478 709 1542 καί
728 1481 790 1543 τοῖν
805 1479 973 1560 Ῥωμαίων
988 1477 1080 1558 δμοῦ.
1125 1472 1175 1539 διδ

66 1572 127 1637 καί
147 1569 167 1656 ἦ
191 1572 247 1652 νύξ
270 1576 372 1659 ε’κείνη
393 1575 514 1662 πάντας
536 1572 623 1660 εἶχεν
655 1581 689 1643 ἐν
712 1583 835 1644 ε’λπιόιν
865 1580 924 1642 ούκ
947 1579 1097 1661 άγαδαῖς,
1122 1601 1177 1641 κα-

65 1673 143 1740 θότι
170 1672 224 1738 καί
243 1673 277 1739 τὸ
300 1673 396 1755 πεζδν
417 1671 501 1741 ἅπαν
525 1679 586 1743 τοῖν
610 1680 793 1761 Ἀρμενίων,
817 1682 989 1762 ἐπιταχθὲν
1011 1683 1178 1743 διανυκτε-

67 1772 181 1854 ρεύειν
202 1777 276 1858 περί
296 1772 353 1859 την
374 1775 499 1860 τάφρον
521 1779 555 1844 ἒν
583 1781 845 1861 προτειχίσματι,
865 1779 1064 1843 α’ποστασιάν
1085 1778 1177 1843 ε’σκό-

23 1893 56 1944 15
67 1896 169 1958 πησε,
193 1870 236 1957 μη
263 1878 489 1959 πειθαρχῆοαν
518 1883 580 1952 τοῖς
605 1880 745 1958 λέγουσι.
796 1877 850 1941 καί
871 1876 892 1960 ἤ
916 1880 975 1957 μὲν
996 1874 1054 1954 νύξ
1076 1879 1179 1959 ἐκείνη

68 1972 204 2057 δριμεῐά
223 2000 270 2052 τις
288 1976 343 2040 καί
355 1981 469 2059 βαρεῖα
483 1986 548 2054 τοῖς
561 1977 729 2059 Ῥωμαίοις
745 1980 980 2043 διατετέλεοτο·
1031 1971 1121 2040 ούπω
1151 1976 1181 2040 δ’

67 2072 180 2159 ἡμέρα
200 2074 320 2164 προῄει,
341 2076 394 2140 καί
411 2073 440 2140 οἱ
462 2082 606 2159 πολέμιοι
628 2075 683 2143 τάν
703 2076 834 2161 χάρακα
856 2081 1050 2166 πανστρατιᾷ
1069 2081 1181 2160 περιύ-

71 2176 192 2251 ζοοσαν.
235 2175 429 2262 μεμαθηκώς
449 2175 511 2261 γάρ
538 2173 554 2242 ὅ
577 2179 634 2241 τοῦ
658 2175 773 2243 Χάλεπ
795 2171 905 2263 άρχων
932 2178 966 2242 τὸ
991 2176 1181 2262 προγεγονὸς

70 2277 259 2361 προτέρημα
287 2275 374 2363 παρά
394 2282 449 2364 τῆς
471 2285 586 2364 μοίρας
610 2280 730 2359 αὐτοῦ,
753 2280 828 2359 μεθ’
852 2275 926 2364 ὅλης
947 2271 1002 2364 ἧκε
1025 2275 1191 2364 τῆς-ἔτινε
1251 2312 1254 2316 “
1288 2311 1293 2322 ·

28 2380 133 2452 20τοῦ
155 2376 320 2460 δυνάμεως
352 2379 394 2457 οδς
426 2382 576 2462 αύτοβοεί
606 2378 750 2464 αἱρήσων
779 2378 831 2446 τὸν
858 2385 993 2464 βασιλέα
1022 2380 1105 2463 μετά
1128 2382 1182 2463 τῆς

73 2474 236 2561 συνούσης
262 2480 350 2566 crispi
371 2469 532 2563 στρατιᾶς.
586 2480 641 2545 καί
674 2479 792 2562 οῖ-μὲν
812 2476 898 2547 οδτω
922 2480 1182 2565 περιιππεύοντες

74 2576 165 2659 ἡμᾶς
197 2578 253 2643 καί
272 2584 443 2664 θηριωδῶς
473 2586 683 2667 ἐκφοβοῦντος
712 2591 783 2660 ταῖς
813 2588 1025 2666 βαρβαρικαῖς
1050 2584 1182 2655 ὑλακαῖς

75 2678 114 2739 ού
140 2681 296 2744 διελιπον·
351 2678 367 2744 ὃ
399 2686 434 2747 δὲ
462 2681 614 2764 βασιλεύς
647 2680 736 2758 ἐντδς
764 2688 819 2769 τῆς
848 2690 962 2770 σκηνῆς
992 2683 1191 2771 διαγράφων,

150 2852 192 2904 15.
213 2861 270 2911 tois
287 2850 448 2924 λοχαγοῖςῖ
537 2894 539 2899 ,

75 3014 160 3085 igitur
180 3030 230 3085 ego
243 3029 350 3087 quoquc
360 3031 413 3070 non
428 3024 527 3071 tentum
544 3016 717 3087 desperabam
734 3016 766 3071 de
781 3034 841 3071 mea
859 3015 946 3073 salute
958 3024 1084 3088 quantum
1095 3019 1180 3073 Grae.

76 3103 169 3141 corum
188 3090 384 3158 cognoscebam
404 3090 538 3159 ignaviam
551 3092 598 3143 'vel
616 3094 731 3159 ineptias
750 3090 795 3142 vel
815 3095 980 3144 tenuitatem.
1018 3098 1091 3141 tanta
1110 3093 1181 3141 eninr

77 3160 148 3213 facta
167 3163 245 3212 ruina
266 3169 292 3211 et
315 3160 390 3213 clade
411 3162 571 3215 Graecorum
591 3173 660 3215 ante,
681 3171 776 3226 castra,
796 3178 874 3213 nemo
902 3162 1066 3230 reliquarum
1085 3170 1181 3213 centu.

75 3232 175 3284 riarum
197 3240 224 3284 et
242 3234 426 3286 centurionum
450 3236 483 3287 ad
500 3236 643 3289 arcendum
673 3237 803 3286 excitatus
831 3242 903 3286 erat:
933 3234 980 3286 sed
999 3248 1091 3286 omnes
1110 3235 1182 3283 intus

76 3304 202 3357 sedentes
221 3320 296 3356 suum
316 3306 429 3374 quisque
449 3321 515 3374 opus
535 3308 609 3375 quasi
629 3308 656 3358 in
674 3308 808 3358 sociorum
829 3313 919 3358 essent
936 3314 1008 3356 terra
1026 3305 1184 3370 perficiebat
1222 3343 1225 3354 ,

78 3382 105 3425 et
123 3384 211 3428 motus
230 3376 311 3428 animi
330 3392 418 3445 neque
440 3392 506 3430 vero
527 3377 676 3446 periculum
695 3378 744 3431 bos
764 3379 871 3429 omuino
892 3376 1029 3428 excitavit.

178 3448 236 3500 Rex
256 3456 345 3501 autem
371 3450 399 3498 in
421 3449 533 3502 castello
563 3449 614 3501 hoc
633 3451 727 3502 videns
747 3447 806 3501 curn
832 3449 916 3501 multa
932 3448 1103 3516 aegritudine
1121 3444 1184 3496 inde

78 3514 204 3571 riversus
224 3521 256 3588 ad
276 3521 376 3573 vallum
396 3536 454 3573 cunr
479 3521 680 3588 Cappadocibus
700 3523 744 3590 qui
766 3522 791 3573 ei
808 3522 926 3585 aderunt,
952 3519 1060 3570 multem
1080 3524 1107 3568 et
1125 3517 1184 3582 ipso

78 3589 217 3643 stultitiam
238 3594 367 3661 cognovit
386 3593 480 3644 horum
501 3601 527 3643 et
538 3594 698 3645 Graecorum
717 3592 805 3644 simul.
843 3593 1013 3660 quamobrem
1033 3590 1111 3639 etiam
1129 3592 1207 3638 nox'

78 3659 125 3711 ilia
146 3677 237 3715 omnes
268 3663 377 3715 tenebat
395 3665 423 3715 in
450 3666 693 3731 exspectationibus
720 3680 774 3716 non
798 3663 891 3728 bonis,
918 3662 980 3730 quia
1000 3662 1079 3712 etiam
1098 3660 1183 3726 pede-

79 3734 139 3783 stris
161 3736 295 3794 exercitus
320 3736 405 3787 omnis
423 3736 609 3788 Armeniorum
629 3739 717 3788 iussus
736 3743 842 3786 noctem
862 3735 962 3802 degere
981 3734 1053 3783 circa
1074 3731 1182 3793 fossam,

79 3801 105 3852 in
125 3806 316 3857 munitionibus
345 3807 524 3867 anterioribus
543 3806 723 3859 deiectionem
752 3807 893 3857 meditatus
912 3812 962 3869 est,
981 3818 1035 3854 non
1055 3804 1184 3855 obediens

80 3873 286 3940 imperantibus:
310 3885 390 3945 atqua
408 3894 463 3929 nox
482 3878 587 3946 quidem
605 3878 653 3929 illa
671 3886 701 3928 ut
720 3877 817 3929 acerba
834 3875 924 3943 aliqua
943 3882 970 3926 et
988 3875 1078 3943 gravis
1099 3875 1184 3927 Grae-

82 3944 118 3995 cis
138 3955 246 4013 paracta
268 3957 339 4000 erat:
360 3950 476 4000 nondum
501 3957 589 4000 nutem
608 3949 666 4000 dies
686 3947 831 4011 oriebatur,
852 3954 879 3997 et
898 3946 988 3999 hostes
1009 3945 1109 3997 vallum
1127 3953 1184 3996 toto

81 4029 139 4069 cum
159 4020 281 4071 exercitu
305 4020 453 4072 cinxerunt.
490 4028 631 4087 postquam
651 4020 721 4070 enim
740 4019 844 4070 audivit
859 4017 971 4085 Chalepi
990 4018 1116 4085 princeps
1135 4031 1185 4067 ou.

81 4092 124 4137 tea
144 4090 239 4143 iactam
259 4092 401 4143 victoriam
419 4109 435 4143 a
453 4100 528 4160 parte
548 4107 604 4155 sua,
626 4107 685 4143 cum
705 4098 761 4143 tota
789 4092 865 4142 venit
883 4106 931 4142 sua
947 4091 976 4142 vi
996 4097 1024 4141 ut
1041 4089 1117 4141 illico
1138 4103 1186 4139 ca.

81 4170 157 4221 peret
176 4178 269 4231 regern
289 4178 347 4232 cnm
368 4166 489 4216 exercitu
508 4166 554 4233 qui
576 4164 600 4213 ei
619 4164 724 4215 aderat:
745 4170 824 4233 atque
855 4160 897 4213 illi
916 4163 1032 4230 quidem,
1050 4164 1088 4213 ita
1107 4158 1186 4228 equi-

80 4234 136 4281 tare
153 4236 225 4285 circa
244 4248 293 4285 nos
314 4242 341 4284 et
359 4236 475 4289 terarum
484 4238 568 4290 instar
584 4250 634 4289 nos
648 4243 751 4288 terrere
767 4234 887 4288 barbaris
906 4233 1052 4287 ululatibus
1062 4245 1116 4283 non
1135 4230 1185 4281 de.

153 4329 234 4383 uses.
255 4329 337 4383 aad.
360 4330 427 4385 Hiot.
981 4328 999 4380 8
