<?xml version="1.0" encoding="UTF-8"?>
<!DOCTYPE html PUBLIC "-//W3C//DTD XHTML 1.0 Transitional//EN"
    "http://www.w3.org/TR/xhtml1/DTD/xhtml1-transitional.dtd">
<html xmlns="http://www.w3.org/1999/xhtml" xml:lang="en" lang="en">
 <head>
  <title>
</title>
<meta http-equiv="Content-Type" content="text/html;charset=utf-8" />
  <meta name='ocr-system' content='tesseract 3.04.00' />
  <meta name='ocr-capabilities' content='ocr_page ocr_carea ocr_par ocr_line ocrx_word'/>
</head>
<body>
  <div class='ocr_page' id='page_1' title='image "./corpusscriptoru24theogoog/corpusscriptoru24theogoog_0174.png"; bbox 0 0 2834 4750; ppageno 0'>
   <div class='ocr_carea' id='block_1_1' title="bbox 273 230 1067 364">
    <p class='ocr_par' dir='ltr' id='par_1_1' title="bbox 273 230 1067 364">
     <span class='ocr_line' id='line_1_1' title="bbox 273 230 1067 364; baseline -0.01 0"><span class='ocrx_word' id='word_1_1' title='bbox 273 280 344 364; x_wconf 73' lang='lat' dir='ltr'><strong><em>ito</em></strong></span> <span class='ocrx_word' id='word_1_2' title='bbox 553 279 772 358; x_wconf 68' lang='lat' dir='ltr'><strong>alcuinus</strong></span> <span class='ocrx_word' id='word_1_3' title='bbox 806 230 1067 358; x_wconf 76' lang='grc' dir='ltr'><strong><em>λττλιιοτλτ</em></strong></span> 
     </span>
    </p>
   </div>
   <div class='ocr_carea' id='block_1_2' title="bbox 205 445 1408 2350">
    <p class='ocr_par' dir='ltr' id='par_1_2' title="bbox 270 445 1380 542">
     <span class='ocr_line' id='line_1_2' title="bbox 270 445 1380 542; baseline -0.004 -25"><span class='ocrx_word' id='word_1_4' title='bbox 270 453 449 542; x_wconf 75' lang='grc' dir='ltr'><strong><em>φαντασίαν</em></strong></span> <span class='ocrx_word' id='word_1_5' title='bbox 471 453 515 518; x_wconf 74' lang='grc' dir='ltr'><strong><em>’δὲ</em></strong></span> <span class='ocrx_word' id='word_1_6' title='bbox 537 455 641 538; x_wconf 78' lang='grc' dir='ltr'><strong><em>φυγῆς</em></strong></span> <span class='ocrx_word' id='word_1_7' title='bbox 674 447 859 516; x_wconf 76' lang='grc' dir='ltr'><em>δεδωκότων</em></span> <span class='ocrx_word' id='word_1_8' title='bbox 880 453 944 515; x_wconf 69' lang='grc' dir='ltr'><strong><em>τοῖν</em></strong></span> <span class='ocrx_word' id='word_1_9' title='bbox 973 453 1135 534; x_wconf 75' lang='grc' dir='ltr'><strong><em>ἐναυτίων,</em></strong></span> <span class='ocrx_word' id='word_1_10' title='bbox 1156 445 1211 518; x_wconf 83' lang='grc' dir='ltr'><strong><em>οἷα</em></strong></span> <span class='ocrx_word' id='word_1_11' title='bbox 1236 450 1278 517; x_wconf 82' lang='grc' dir='ltr'><strong><em>τύ</em></strong></span> <span class='ocrx_word' id='word_1_12' title='bbox 1300 474 1380 516; x_wconf 86' lang='grc' dir='ltr'><strong><em>του-</em></strong></span> 
     </span>
    </p>

    <p class='ocr_par' dir='ltr' id='par_1_3' title="bbox 226 549 1379 638">
     <span class='ocr_line' id='line_1_3' title="bbox 226 549 1379 638; baseline -0.002 -21"><span class='ocrx_word' id='word_1_13' title='bbox 226 629 230 638; x_wconf 40' lang='grc'><strong><em>,</em></strong></span> <span class='ocrx_word' id='word_1_14' title='bbox 270 577 332 617; x_wconf 85' lang='grc' dir='ltr'><strong><em>των</em></strong></span> <span class='ocrx_word' id='word_1_15' title='bbox 358 551 581 637; x_wconf 86' lang='grc' dir='ltr'><strong><em>’μηχανήματα</em></strong></span> <span class='ocrx_word' id='word_1_16' title='bbox 617 557 671 617; x_wconf 88' lang='grc' dir='ltr'><strong><em>καί</em></strong></span> <span class='ocrx_word' id='word_1_17' title='bbox 689 549 899 636; x_wconf 86' lang='grc' dir='ltr'><strong><em>συνθήματα,</em></strong></span> <span class='ocrx_word' id='word_1_18' title='bbox 928 555 998 617; x_wconf 77' lang='grc' dir='ltr'><strong><em>ἐπεί</em></strong></span> <span class='ocrx_word' id='word_1_19' title='bbox 1028 554 1323 629; x_wconf 75' lang='grc' dir='ltr'><strong><em>διασκεδασθέντες</em></strong></span> <span class='ocrx_word' id='word_1_20' title='bbox 1353 551 1379 616; x_wconf 77' lang='grc' dir='ltr'><strong><em>οἱ</em></strong></span> 
     </span>
    </p>

    <p class='ocr_par' dir='ltr' id='par_1_4' title="bbox 265 643 1381 738">
     <span class='ocr_line' id='line_1_4' title="bbox 265 643 1381 738; baseline -0.002 -18"><span class='ocrx_word' id='word_1_21' title='bbox 265 653 422 732; x_wconf 75' lang='grc' dir='ltr'><strong><em>Ῥωμαῖοι</em></strong></span> <span class='ocrx_word' id='word_1_22' title='bbox 454 643 608 735; x_wconf 71' lang='grc' dir='ltr'><strong><em>ἐδίωκον,</em></strong></span> <span class='ocrx_word' id='word_1_23' title='bbox 639 653 841 736; x_wconf 84' lang='grc' dir='ltr'><strong><em>ύποστροφής</em></strong></span> <span class='ocrx_word' id='word_1_24' title='bbox 871 653 1035 738; x_wconf 75' lang='grc' dir='ltr'><strong><em>αἰφνιδίου</em></strong></span> <span class='ocrx_word' id='word_1_25' title='bbox 1072 652 1174 730; x_wconf 57' lang='lat' dir='ltr'><strong>seete</strong></span> <span class='ocrx_word' id='word_1_26' title='bbox 1207 659 1381 737; x_wconf 77' lang='grc' dir='ltr'><strong><em>γενομένης</em></strong></span> 
     </span>
    </p>

    <p class='ocr_par' dir='ltr' id='par_1_5' title="bbox 268 749 1382 838">
     <span class='ocr_line' id='line_1_5' title="bbox 268 749 1382 838; baseline -0.005 -16"><span class='ocrx_word' id='word_1_27' title='bbox 268 753 392 822; x_wconf 73' lang='grc' dir='ltr'><strong><em>ίκείνων</em></strong></span> <span class='ocrx_word' id='word_1_28' title='bbox 414 758 621 838; x_wconf 78' lang='grc' dir='ltr'><strong><em>παλίντροπος</em></strong></span> <span class='ocrx_word' id='word_1_29' title='bbox 646 754 665 838; x_wconf 81' lang='grc' dir='ltr'><strong><em>ή</em></strong></span> <span class='ocrx_word' id='word_1_30' title='bbox 689 753 855 838; x_wconf 83' lang='grc' dir='ltr'><strong><em>συμπλοκή</em></strong></span> <span class='ocrx_word' id='word_1_31' title='bbox 878 758 1002 837; x_wconf 71' lang='grc' dir='ltr'><strong><em>γέγονε,</em></strong></span> <span class='ocrx_word' id='word_1_32' title='bbox 1028 758 1085 820; x_wconf 84' lang='grc' dir='ltr'><strong><em>καί</em></strong></span> <span class='ocrx_word' id='word_1_33' title='bbox 1102 758 1219 820; x_wconf 82' lang='grc' dir='ltr'><strong><em>πολλοί</em></strong></span> <span class='ocrx_word' id='word_1_34' title='bbox 1238 758 1301 835; x_wconf 79' lang='grc' dir='ltr'><strong><em>μὲν</em></strong></span> <span class='ocrx_word' id='word_1_35' title='bbox 1322 749 1382 817; x_wconf 74' lang='grc' dir='ltr'><strong><em>ἑά-</em></strong></span> 
     </span>
    </p>

    <p class='ocr_par' dir='ltr' id='par_1_6' title="bbox 267 852 1402 1037">
     <span class='ocr_line' id='line_1_6' title="bbox 267 852 1402 946; baseline -0.004 -26"><span class='ocrx_word' id='word_1_36' title='bbox 267 860 385 932; x_wconf 82' lang='grc' dir='ltr'><strong><em>λωσαν,</em></strong></span> <span class='ocrx_word' id='word_1_37' title='bbox 402 853 527 929; x_wconf 89' lang='grc' dir='ltr'><strong><em>πλείους</em></strong></span> <span class='ocrx_word' id='word_1_38' title='bbox 548 858 583 919; x_wconf 77' lang='grc' dir='ltr'><strong><em>δὲ</em></strong></span> <span class='ocrx_word' id='word_1_39' title='bbox 603 857 768 946; x_wconf 80' lang='grc' dir='ltr'><strong><em>μαχαίρας</em></strong></span> <span class='ocrx_word' id='word_1_40' title='bbox 789 852 881 937; x_wconf 82' lang='grc' dir='ltr'><strong><em>ἔργον</em></strong></span> <span class='ocrx_word' id='word_1_41' title='bbox 903 855 1058 940; x_wconf 80' lang='grc' dir='ltr'><strong><em>γεγόνασι,</em></strong></span> <span class='ocrx_word' id='word_1_42' title='bbox 1080 853 1229 920; x_wconf 79' lang='grc' dir='ltr'><strong><em>συνεάλω</em></strong></span> <span class='ocrx_word' id='word_1_43' title='bbox 1254 855 1292 918; x_wconf 80' lang='grc' dir='ltr'><strong><em>δὲ</em></strong></span> <span class='ocrx_word' id='word_1_44' title='bbox 1313 861 1402 928; x_wconf 70' lang='grc' dir='ltr'><strong><em>τοῑςό</em></strong></span> 
     </span>
     <span class='ocr_line' id='line_1_7' title="bbox 269 946 1381 1037; baseline -0.004 -20"><span class='ocrx_word' id='word_1_45' title='bbox 269 946 376 1028; x_wconf 70' lang='grc' dir='ltr'><strong><em>ἄλλοις</em></strong></span> <span class='ocrx_word' id='word_1_46' title='bbox 400 958 455 1019; x_wconf 86' lang='grc' dir='ltr'><strong><em>καί</em></strong></span> <span class='ocrx_word' id='word_1_47' title='bbox 475 953 569 1030; x_wconf 82' lang='grc' dir='ltr'><strong><em>ου’τύς</em></strong></span> <span class='ocrx_word' id='word_1_48' title='bbox 592 953 608 1019; x_wconf 82' lang='grc' dir='ltr'>ὅ</span> <span class='ocrx_word' id='word_1_49' title='bbox 631 957 691 1018; x_wconf 87' lang='grc' dir='ltr'><strong><em>τού</em></strong></span> <span class='ocrx_word' id='word_1_50' title='bbox 710 956 849 1036; x_wconf 78' lang='grc' dir='ltr'><strong><em>πολέμου</em></strong></span> <span class='ocrx_word' id='word_1_51' title='bbox 870 952 924 1037; x_wconf 82' lang='grc' dir='ltr'><strong><em>τήν</em></strong></span> <span class='ocrx_word' id='word_1_52' title='bbox 939 955 1131 1037; x_wconf 79' lang='grc' dir='ltr'><strong><em>στρατηγίαν</em></strong></span> <span class='ocrx_word' id='word_1_53' title='bbox 1151 955 1295 1034; x_wconf 77' lang='grc' dir='ltr'><strong><em>ἐπέχων.</em></strong></span> <span class='ocrx_word' id='word_1_54' title='bbox 1316 951 1381 1014; x_wconf 87' lang='grc' dir='ltr'><strong><em>σύν</em></strong></span> 
     </span>
    </p>

    <p class='ocr_par' dir='ltr' id='par_1_7' title="bbox 268 1046 1381 1138">
     <span class='ocr_line' id='line_1_8' title="bbox 268 1046 1381 1138; baseline -0.005 -18"><span class='ocrx_word' id='word_1_55' title='bbox 268 1062 335 1129; x_wconf 84' lang='grc' dir='ltr'><strong><em>τοῖς</em></strong></span> <span class='ocrx_word' id='word_1_56' title='bbox 356 1046 461 1131; x_wconf 73' lang='grc' dir='ltr'><strong><em>ἄλλοις</em></strong></span> <span class='ocrx_word' id='word_1_57' title='bbox 497 1058 533 1121; x_wconf 77' lang='grc' dir='ltr'><strong><em>δὲ</em></strong></span> <span class='ocrx_word' id='word_1_58' title='bbox 563 1058 619 1119; x_wconf 85' lang='grc' dir='ltr'><strong><em>καί</em></strong></span> <span class='ocrx_word' id='word_1_59' title='bbox 651 1056 749 1138; x_wconf 84' lang='grc' dir='ltr'><strong><em>αύτής</em></strong></span> <span class='ocrx_word' id='word_1_60' title='bbox 780 1056 834 1137; x_wconf 79' lang='grc' dir='ltr'><strong><em>τῆς</em></strong></span> <span class='ocrx_word' id='word_1_61' title='bbox 861 1057 1064 1137; x_wconf 76' lang='grc' dir='ltr'><strong><em>παρεμβολῆς</em></strong></span> <span class='ocrx_word' id='word_1_62' title='bbox 1088 1051 1303 1133; x_wconf 58' lang='grc' dir='ltr'><strong><em>παράστασις(</em></strong></span> <span class='ocrx_word' id='word_1_63' title='bbox 1323 1051 1381 1114; x_wconf 88' lang='grc' dir='ltr'><strong><em>καί</em></strong></span> 
     </span>
    </p>

    <p class='ocr_par' dir='ltr' id='par_1_8' title="bbox 205 1147 1379 1238">
     <span class='ocr_line' id='line_1_9' title="bbox 205 1147 1379 1238; baseline -0.007 -17"><span class='ocrx_word' id='word_1_64' title='bbox 205 1217 207 1220; x_wconf 87' lang='grc'>.</span> <span class='ocrx_word' id='word_1_65' title='bbox 269 1153 489 1231; x_wconf 85' lang='grc' dir='ltr'><strong><em>διασκύλιυσις</em></strong></span> <span class='ocrx_word' id='word_1_66' title='bbox 515 1160 647 1238; x_wconf 88' lang='grc' dir='ltr'><strong><em>γίγονεν.</em></strong></span> <span class='ocrx_word' id='word_1_67' title='bbox 701 1153 758 1219; x_wconf 83' lang='grc' dir='ltr'><strong><em>καί</em></strong></span> <span class='ocrx_word' id='word_1_68' title='bbox 788 1156 818 1220; x_wconf 86' lang='grc' dir='ltr'><strong><em>εί</em></strong></span> <span class='ocrx_word' id='word_1_69' title='bbox 845 1152 889 1236; x_wconf 86' lang='grc' dir='ltr'><strong><em>μή</em></strong></span> <span class='ocrx_word' id='word_1_70' title='bbox 913 1149 949 1216; x_wconf 85' lang='grc' dir='ltr'><strong><em>τύ</em></strong></span> <span class='ocrx_word' id='word_1_71' title='bbox 984 1147 1065 1217; x_wconf 83' lang='grc' dir='ltr'><strong><em>ύστυ</em></strong></span> <span class='ocrx_word' id='word_1_72' title='bbox 1086 1155 1224 1235; x_wconf 84' lang='grc' dir='ltr'><strong><em>πλησίον</em></strong></span> <span class='ocrx_word' id='word_1_73' title='bbox 1247 1147 1289 1216; x_wconf 69' lang='lat' dir='ltr'><strong><em>iv</em></strong></span> <span class='ocrx_word' id='word_1_74' title='bbox 1308 1150 1379 1225; x_wconf 87' lang='grc' dir='ltr'><strong><em>τούς</em></strong></span> 
     </span>
    </p>

    <p class='ocr_par' dir='ltr' id='par_1_9' title="bbox 268 1246 1379 1340">
     <span class='ocr_line' id='line_1_10' title="bbox 268 1246 1379 1340; baseline -0.005 -20"><span class='ocrx_word' id='word_1_75' title='bbox 268 1257 434 1330; x_wconf 81' lang='grc' dir='ltr'><strong><em>πλείστους</em></strong></span> <span class='ocrx_word' id='word_1_76' title='bbox 455 1257 604 1335; x_wconf 77' lang='grc' dir='ltr'><strong><em>διέσωσε,</em></strong></span> <span class='ocrx_word' id='word_1_77' title='bbox 631 1258 833 1340; x_wconf 78' lang='grc' dir='ltr'><strong><em>πανστρατιᾷ</em></strong></span> <span class='ocrx_word' id='word_1_78' title='bbox 862 1250 1079 1320; x_wconf 75' lang='grc' dir='ltr'><strong><em>ἐκινδύνευσεν</em></strong></span> <span class='ocrx_word' id='word_1_79' title='bbox 1111 1246 1150 1315; x_wconf 79' lang='grc' dir='ltr'><strong><em>ύίν</em></strong></span> <span class='ocrx_word' id='word_1_80' title='bbox 1172 1250 1194 1334; x_wconf 83' lang='grc' dir='ltr'><em>ἦ</em></span> <span class='ocrx_word' id='word_1_81' title='bbox 1217 1255 1285 1317; x_wconf 74' lang='grc' dir='ltr'><strong><em>τοῖν</em></strong></span> <span class='ocrx_word' id='word_1_82' title='bbox 1301 1253 1379 1317; x_wconf 85' lang='grc' dir='ltr'><strong><em>Ῥω.</em></strong></span> 
     </span>
    </p>

    <p class='ocr_par' dir='ltr' id='par_1_10' title="bbox 267 1349 1408 1538">
     <span class='ocr_line' id='line_1_11' title="bbox 267 1349 1408 1440; baseline -0.007 -20"><span class='ocrx_word' id='word_1_83' title='bbox 267 1357 372 1435; x_wconf 83' lang='grc' dir='ltr'><strong><em>μαίων</em></strong></span> <span class='ocrx_word' id='word_1_84' title='bbox 396 1355 503 1440; x_wconf 78' lang='grc' dir='ltr'><strong><em>ἡλικία</em></strong></span> <span class='ocrx_word' id='word_1_85' title='bbox 525 1358 633 1437; x_wconf 75' lang='grc' dir='ltr'><strong><em>πᾶσα,</em></strong></span> <span class='ocrx_word' id='word_1_86' title='bbox 656 1349 714 1439; x_wconf 83' lang='grc' dir='ltr'><strong><em>ὅση</em></strong></span> <span class='ocrx_word' id='word_1_87' title='bbox 737 1352 816 1437; x_wconf 79' lang='grc' dir='ltr'><strong><em>πρὸς</em></strong></span> <span class='ocrx_word' id='word_1_88' title='bbox 843 1354 900 1438; x_wconf 88' lang='grc' dir='ltr'><strong><em>τήν</em></strong></span> <span class='ocrx_word' id='word_1_89' title='bbox 919 1356 1061 1419; x_wconf 75' lang='grc' dir='ltr'><strong><em>ἐνταῦθα</em></strong></span> <span class='ocrx_word' id='word_1_90' title='bbox 1084 1355 1301 1436; x_wconf 82' lang='grc' dir='ltr'><strong><em>ἐκστρατείαν</em></strong></span> <span class='ocrx_word' id='word_1_91' title='bbox 1319 1377 1377 1417; x_wconf 90' lang='grc' dir='ltr'><strong><em>συ-</em></strong></span> <span class='ocrx_word' id='word_1_92' title='bbox 1386 1363 1408 1412; x_wconf 77' lang='lat'><strong><em>1¹]</em></strong></span> 
     </span>
     <span class='ocr_line' id='line_1_12' title="bbox 269 1456 1193 1538; baseline -0.003 -20"><span class='ocrx_word' id='word_1_93' title='bbox 269 1456 415 1538; x_wconf 84' lang='grc' dir='ltr'><strong><em>νίδραμε.</em></strong></span> <span class='ocrx_word' id='word_1_94' title='bbox 1178 1507 1193 1536; x_wconf 43' lang='lat' dir='ltr'><strong><em>x.</em></strong></span> 
     </span>
    </p>

    <p class='ocr_par' dir='ltr' id='par_1_11' title="bbox 256 1552 1408 2350">
     <span class='ocr_line' id='line_1_13' title="bbox 374 1552 1376 1643; baseline -0.002 -25"><span class='ocrx_word' id='word_1_95' title='bbox 374 1557 436 1639; x_wconf 81' lang='grc' dir='ltr'><strong><em>Τῆς</em></strong></span> <span class='ocrx_word' id='word_1_96' title='bbox 459 1559 568 1643; x_wconf 87' lang='grc' dir='ltr'><strong><em>φήμης</em></strong></span> <span class='ocrx_word' id='word_1_97' title='bbox 581 1559 627 1627; x_wconf 75' lang='grc' dir='ltr'><strong><em>,δὲ</em></strong></span> <span class='ocrx_word' id='word_1_98' title='bbox 648 1555 768 1641; x_wconf 77' lang='grc' dir='ltr'><strong><em>ταύτης</em></strong></span> <span class='ocrx_word' id='word_1_99' title='bbox 790 1552 1031 1640; x_wconf 77' lang='grc' dir='ltr'><strong><em>καταλαβούσης</em></strong></span> <span class='ocrx_word' id='word_1_100' title='bbox 1050 1554 1104 1620; x_wconf 82' lang='grc' dir='ltr'><strong><em>ίύν</em></strong></span> <span class='ocrx_word' id='word_1_101' title='bbox 1124 1557 1279 1635; x_wconf 77' lang='grc' dir='ltr'><strong><em>βασιλέα,</em></strong></span> <span class='ocrx_word' id='word_1_102' title='bbox 1302 1561 1376 1616; x_wconf 92' lang='grc' dir='ltr'><strong><em>πολ-</em></strong></span> 
     </span>
     <span class='ocr_line' id='line_1_14' title="bbox 271 1648 1378 1741; baseline -0.002 -23"><span class='ocrx_word' id='word_1_103' title='bbox 271 1649 308 1737; x_wconf 84' lang='grc' dir='ltr'><strong><em>λή</em></strong></span> <span class='ocrx_word' id='word_1_104' title='bbox 330 1676 379 1728; x_wconf 86' lang='grc' dir='ltr'><strong><em>τις</em></strong></span> <span class='ocrx_word' id='word_1_105' title='bbox 400 1656 474 1721; x_wconf 86' lang='grc' dir='ltr'><strong><em>α’νιά</em></strong></span> <span class='ocrx_word' id='word_1_106' title='bbox 497 1659 632 1738; x_wconf 82' lang='grc' dir='ltr'><strong><em>κατέσχε</em></strong></span> <span class='ocrx_word' id='word_1_107' title='bbox 663 1656 718 1720; x_wconf 86' lang='grc' dir='ltr'><strong><em>καί</em></strong></span> <span class='ocrx_word' id='word_1_108' title='bbox 739 1653 837 1721; x_wconf 86' lang='grc' dir='ltr'><strong><em>αύτύν</em></strong></span> <span class='ocrx_word' id='word_1_109' title='bbox 870 1660 925 1720; x_wconf 87' lang='grc' dir='ltr'><strong><em>καί</em></strong></span> <span class='ocrx_word' id='word_1_110' title='bbox 947 1648 1016 1719; x_wconf 77' lang='grc' dir='ltr'><strong><em>ὅσοι</em></strong></span> <span class='ocrx_word' id='word_1_111' title='bbox 1045 1650 1083 1719; x_wconf 82' lang='grc' dir='ltr'><strong><em>τοὶ</em></strong></span> <span class='ocrx_word' id='word_1_112' title='bbox 1100 1653 1276 1733; x_wconf 86' lang='grc' dir='ltr'><strong><em>Ῥωμαίων</em></strong></span> <span class='ocrx_word' id='word_1_113' title='bbox 1298 1677 1378 1741; x_wconf 90' lang='grc' dir='ltr'><strong><em>φρο-</em></strong></span> 
     </span>
     <span class='ocr_line' id='line_1_15' title="bbox 269 1748 1377 1846; baseline -0.003 -26"><span class='ocrx_word' id='word_1_114' title='bbox 269 1757 395 1846; x_wconf 84' lang='grc' dir='ltr'><strong><em>νούντες</em></strong></span> <span class='ocrx_word' id='word_1_115' title='bbox 415 1751 594 1840; x_wconf 81' lang='grc' dir='ltr'><strong><em>ἐτύγχανον.</em></strong></span> <span class='ocrx_word' id='word_1_116' title='bbox 646 1748 736 1821; x_wconf 87' lang='grc' dir='ltr'><strong><em>ούπω</em></strong></span> <span class='ocrx_word' id='word_1_117' title='bbox 758 1759 794 1822; x_wconf 81' lang='grc' dir='ltr'><strong><em>δὲ</em></strong></span> <span class='ocrx_word' id='word_1_118' title='bbox 816 1755 856 1821; x_wconf 81' lang='grc' dir='ltr'><strong><em>τύ</em></strong></span> <span class='ocrx_word' id='word_1_119' title='bbox 879 1758 935 1840; x_wconf 83' lang='grc' dir='ltr'><strong><em>τής</em></strong></span> <span class='ocrx_word' id='word_1_120' title='bbox 955 1754 1067 1840; x_wconf 81' lang='grc' dir='ltr'><strong><em>φήμης</em></strong></span> <span class='ocrx_word' id='word_1_121' title='bbox 1096 1754 1305 1838; x_wconf 83' lang='grc' dir='ltr'><strong><em>παρήκμασε,</em></strong></span> <span class='ocrx_word' id='word_1_122' title='bbox 1329 1757 1377 1817; x_wconf 86' lang='grc' dir='ltr'><strong><em>καί</em></strong></span> 
     </span>
     <span class='ocr_line' id='line_1_16' title="bbox 269 1847 1408 1944; baseline -0.003 -24"><span class='ocrx_word' id='word_1_123' title='bbox 269 1847 367 1932; x_wconf 83' lang='grc' dir='ltr'><strong><em>αύθις</em></strong></span> <span class='ocrx_word' id='word_1_124' title='bbox 391 1852 485 1942; x_wconf 79' lang='grc' dir='ltr'><strong><em>ἓτίρα</em></strong></span> <span class='ocrx_word' id='word_1_125' title='bbox 506 1859 653 1942; x_wconf 59' lang='grc' dir='ltr'><strong><em>ζὲπήλθε,</em></strong></span> <span class='ocrx_word' id='word_1_126' title='bbox 684 1857 760 1932; x_wconf 90' lang='grc' dir='ltr'><strong><em>τούς</em></strong></span> <span class='ocrx_word' id='word_1_127' title='bbox 785 1852 945 1944; x_wconf 83' lang='grc' dir='ltr'><strong><em>Τούρκους</em></strong></span> <span class='ocrx_word' id='word_1_128' title='bbox 974 1857 1218 1939; x_wconf 79' lang='grc' dir='ltr'><strong><em>α’πᾳγγίλλουσα</em></strong></span> <span class='ocrx_word' id='word_1_129' title='bbox 1251 1855 1318 1939; x_wconf 89' lang='grc' dir='ltr'><strong><em>τήν</em></strong></span> <span class='ocrx_word' id='word_1_130' title='bbox 1347 1857 1408 1917; x_wconf 67' lang='lat' dir='ltr'><strong><em>iuli</em></strong></span> 
     </span>
     <span class='ocr_line' id='line_1_17' title="bbox 269 1950 1378 2041; baseline -0.008 -17"><span class='ocrx_word' id='word_1_131' title='bbox 269 1956 401 2035; x_wconf 86' lang='grc' dir='ltr'><strong><em>Χούναις</em></strong></span> <span class='ocrx_word' id='word_1_132' title='bbox 423 1950 585 2024; x_wconf 80' lang='grc' dir='ltr'><strong><em>πολιτείαν</em></strong></span> <span class='ocrx_word' id='word_1_133' title='bbox 605 1963 661 2024; x_wconf 87' lang='grc' dir='ltr'><strong><em>καί</em></strong></span> <span class='ocrx_word' id='word_1_134' title='bbox 680 1958 780 2024; x_wconf 82' lang='grc' dir='ltr'><strong><em>αύτόν</em></strong></span> <span class='ocrx_word' id='word_1_135' title='bbox 801 1955 855 2023; x_wconf 83' lang='grc' dir='ltr'><strong><em>τὸν</em></strong></span> <span class='ocrx_word' id='word_1_136' title='bbox 882 1955 1070 2041; x_wconf 82' lang='grc' dir='ltr'><strong><em>περιβόητον</em></strong></span> <span class='ocrx_word' id='word_1_137' title='bbox 1093 1959 1126 2019; x_wconf 78' lang='grc' dir='ltr'><strong><em>ἐν</em></strong></span> <span class='ocrx_word' id='word_1_138' title='bbox 1145 1954 1307 2034; x_wconf 89' lang='grc' dir='ltr'><strong><em>θαύμασι</em></strong></span> <span class='ocrx_word' id='word_1_139' title='bbox 1328 1952 1378 2016; x_wconf 81' lang='grc' dir='ltr'><strong><em>καί</em></strong></span> 
     </span>
     <span class='ocr_line' id='line_1_18' title="bbox 270 2052 1376 2152; baseline -0.005 -30"><span class='ocrx_word' id='word_1_140' title='bbox 270 2058 457 2143; x_wconf 72' lang='grc' dir='ltr'><strong><em>διαδήμασι</em></strong></span> <span class='ocrx_word' id='word_1_141' title='bbox 488 2061 545 2123; x_wconf 88' lang='grc' dir='ltr'><strong><em>τού</em></strong></span> <span class='ocrx_word' id='word_1_142' title='bbox 570 2056 928 2152; x_wconf 18' lang='grc' dir='ltr'><strong><em>ἀρχιστρατήγουιναὸν</em></strong></span> <span class='ocrx_word' id='word_1_143' title='bbox 947 2052 1134 2138; x_wconf 74' lang='grc' dir='ltr'><strong><em>καταλαβεῖν</em></strong></span> <span class='ocrx_word' id='word_1_144' title='bbox 1157 2058 1191 2118; x_wconf 77' lang='grc' dir='ltr'><strong><em>ἐν</em></strong></span> <span class='ocrx_word' id='word_1_145' title='bbox 1216 2059 1376 2140; x_wconf 80' lang='grc' dir='ltr'><strong><em>μαχαίρφ,</em></strong></span> 
     </span>
     <span class='ocr_line' id='line_1_19' title="bbox 256 2150 1375 2243; baseline -0.004 -21"><span class='ocrx_word' id='word_1_146' title='bbox 256 2157 324 2240; x_wconf 49' lang='grc' dir='ltr'><strong><em>,καί</em></strong></span> <span class='ocrx_word' id='word_1_147' title='bbox 344 2157 441 2243; x_wconf 83' lang='grc' dir='ltr'><strong><em>φόνου</em></strong></span> <span class='ocrx_word' id='word_1_148' title='bbox 464 2154 670 2240; x_wconf 79' lang='grc' dir='ltr'><strong><em>μὲν,’ύίπαντα</em></strong></span> <span class='ocrx_word' id='word_1_149' title='bbox 693 2157 731 2224; x_wconf 81' lang='grc' dir='ltr'><strong><em>τοὶ</em></strong></span> <span class='ocrx_word' id='word_1_150' title='bbox 755 2156 856 2224; x_wconf 78' lang='grc' dir='ltr'><strong><em>ἐκεῖσε</em></strong></span> <span class='ocrx_word' id='word_1_151' title='bbox 875 2158 1043 2242; x_wconf 73' lang='grc' dir='ltr'><strong><em>πληρῶσαι</em></strong></span> <span class='ocrx_word' id='word_1_152' title='bbox 1063 2157 1119 2221; x_wconf 88' lang='grc' dir='ltr'><strong><em>καί</em></strong></span> <span class='ocrx_word' id='word_1_153' title='bbox 1137 2150 1278 2237; x_wconf 83' lang='grc' dir='ltr'><strong><em>λύθρου,</em></strong></span> <span class='ocrx_word' id='word_1_154' title='bbox 1303 2161 1375 2218; x_wconf 90' lang='grc' dir='ltr'><strong><em>πολ-</em></strong></span> 
     </span>
     <span class='ocr_line' id='line_1_20' title="bbox 270 2253 1376 2350; baseline 0.002 -28"><span class='ocrx_word' id='word_1_155' title='bbox 270 2257 328 2334; x_wconf 64' lang='lat' dir='ltr'><strong><em>tate</em></strong></span> <span class='ocrx_word' id='word_1_156' title='bbox 350 2260 385 2324; x_wconf 74' lang='grc' dir='ltr'><strong><em>δὲ</em></strong></span> <span class='ocrx_word' id='word_1_157' title='bbox 409 2253 518 2344; x_wconf 84' lang='grc' dir='ltr'><strong><em>ύβρεις</em></strong></span> <span class='ocrx_word' id='word_1_158' title='bbox 539 2266 583 2350; x_wconf 78' lang='grc' dir='ltr'><strong><em>τῷ</em></strong></span> <span class='ocrx_word' id='word_1_159' title='bbox 605 2259 679 2348; x_wconf 77' lang='grc' dir='ltr'><strong><em>ἱερῷ</em></strong></span> <span class='ocrx_word' id='word_1_160' title='bbox 701 2264 991 2348; x_wconf 79' lang='grc' dir='ltr'><strong><em>ἔμπαροινηθήναι,</em></strong></span> <span class='ocrx_word' id='word_1_161' title='bbox 1018 2261 1073 2325; x_wconf 81' lang='grc' dir='ltr'><strong><em>καί</em></strong></span> <span class='ocrx_word' id='word_1_162' title='bbox 1092 2260 1127 2323; x_wconf 89' lang='grc' dir='ltr'>τὸ</span> <span class='ocrx_word' id='word_1_163' title='bbox 1149 2257 1190 2343; x_wconf 88' lang='grc' dir='ltr'><strong><em>δή</em></strong></span> <span class='ocrx_word' id='word_1_164' title='bbox 1216 2260 1376 2342; x_wconf 78' lang='grc' dir='ltr'><strong><em>σχετλιω-</em></strong></span> 
     </span>
    </p>
   </div>
   <div class='ocr_carea' id='block_1_3' title="bbox 123 2349 1407 2748">
    <p class='ocr_par' dir='ltr' id='par_1_12' title="bbox 123 2349 1407 2748">
     <span class='ocr_line' id='line_1_21' title="bbox 270 2349 1407 2449; baseline -0.001 -25"><span class='ocrx_word' id='word_1_165' title='bbox 270 2380 379 2447; x_wconf 89' lang='grc' dir='ltr'><strong><em>τερον,</em></strong></span> <span class='ocrx_word' id='word_1_166' title='bbox 398 2357 442 2447; x_wconf 87' lang='grc' dir='ltr'><strong><em>μή</em></strong></span> <span class='ocrx_word' id='word_1_167' title='bbox 465 2359 522 2438; x_wconf 79' lang='grc' dir='ltr'><strong><em>τοὶς</em></strong></span> <span class='ocrx_word' id='word_1_168' title='bbox 552 2368 606 2427; x_wconf 82' lang='grc' dir='ltr'><strong><em>τοῦ</em></strong></span> <span class='ocrx_word' id='word_1_169' title='bbox 629 2360 792 2447; x_wconf 84' lang='grc' dir='ltr'><strong><em>χιίσματος</em></strong></span> <span class='ocrx_word' id='word_1_170' title='bbox 813 2361 989 2446; x_wconf 90' lang='grc' dir='ltr'><strong><em>σήραγγας,</em></strong></span> <span class='ocrx_word' id='word_1_171' title='bbox 1018 2359 1052 2426; x_wconf 87' lang='grc' dir='ltr'><strong><em>εὐ</em></strong></span> <span class='ocrx_word' id='word_1_172' title='bbox 1074 2349 1157 2449; x_wconf 76' lang='grc' dir='ltr'><strong><em>ᾧπερ</em></strong></span> <span class='ocrx_word' id='word_1_173' title='bbox 1188 2356 1221 2424; x_wconf 75' lang='grc' dir='ltr'><strong><em>οἱ</em></strong></span> <span class='ocrx_word' id='word_1_174' title='bbox 1244 2371 1407 2445; x_wconf 72' lang='grc' dir='ltr'><strong><em>παραρ-ιλ</em></strong></span> 
     </span>
     <span class='ocr_line' id='line_1_22' title="bbox 123 2452 1375 2547; baseline -0.001 -22"><span class='ocrx_word' id='word_1_175' title='bbox 123 2452 128 2463; x_wconf 60' lang='grc'>’</span> <span class='ocrx_word' id='word_1_176' title='bbox 213 2517 222 2525; x_wconf 71' lang='grc'>,</span> <span class='ocrx_word' id='word_1_177' title='bbox 270 2462 395 2546; x_wconf 83' lang='grc' dir='ltr'><strong><em>ρίοντες</em></strong></span> <span class='ocrx_word' id='word_1_178' title='bbox 422 2462 561 2544; x_wconf 83' lang='grc' dir='ltr'><strong><em>ποταμοί</em></strong></span> <span class='ocrx_word' id='word_1_179' title='bbox 580 2460 687 2543; x_wconf 68' lang='grc' dir='ltr'><strong><em>1ἐκείσε</em></strong></span> <span class='ocrx_word' id='word_1_180' title='bbox 707 2464 922 2544; x_wconf 84' lang='grc' dir='ltr'><strong><em>χωνευόμενοι</em></strong></span> <span class='ocrx_word' id='word_1_181' title='bbox 954 2460 1007 2527; x_wconf 85' lang='grc' dir='ltr'><strong><em>διοὶ</em></strong></span> <span class='ocrx_word' id='word_1_182' title='bbox 1030 2466 1085 2546; x_wconf 88' lang='grc' dir='ltr'><strong><em>τής</em></strong></span> <span class='ocrx_word' id='word_1_183' title='bbox 1104 2462 1161 2526; x_wconf 86' lang='grc' dir='ltr'><strong><em>τού</em></strong></span> <span class='ocrx_word' id='word_1_184' title='bbox 1181 2461 1375 2547; x_wconf 79' lang='grc' dir='ltr'><strong><em>οἶρχηστρα-</em></strong></span> 
     </span>
     <span class='ocr_line' id='line_1_23' title="bbox 271 2556 1376 2648; baseline -0.001 -22"><span class='ocrx_word' id='word_1_185' title='bbox 271 2556 368 2645; x_wconf 88' lang='grc' dir='ltr'><strong><em>τήγου</em></strong></span> <span class='ocrx_word' id='word_1_186' title='bbox 405 2566 545 2637; x_wconf 81' lang='grc' dir='ltr'><strong><em>παλαιοῖς</em></strong></span> <span class='ocrx_word' id='word_1_187' title='bbox 574 2562 745 2645; x_wconf 79' lang='grc' dir='ltr'><strong><em>ἐπιδημίας</em></strong></span> <span class='ocrx_word' id='word_1_188' title='bbox 776 2561 831 2627; x_wconf 86' lang='grc' dir='ltr'><strong><em>καί</em></strong></span> <span class='ocrx_word' id='word_1_189' title='bbox 860 2566 1035 2648; x_wconf 83' lang='grc' dir='ltr'><strong><em>θεοσημίας</em></strong></span> <span class='ocrx_word' id='word_1_190' title='bbox 1069 2560 1113 2635; x_wconf 82' lang='grc' dir='ltr'><strong><em>ύς</em></strong></span> <span class='ocrx_word' id='word_1_191' title='bbox 1145 2561 1199 2627; x_wconf 80' lang='grc' dir='ltr'><strong><em>διὰ</em></strong></span> <span class='ocrx_word' id='word_1_192' title='bbox 1231 2566 1376 2647; x_wconf 82' lang='grc' dir='ltr'><strong><em>πρανοῦς</em></strong></span> 
     </span>
     <span class='ocr_line' id='line_1_24' title="bbox 272 2659 1377 2748; baseline 0.002 -24"><span class='ocrx_word' id='word_1_193' title='bbox 272 2661 431 2727; x_wconf 83' lang='grc' dir='ltr'><strong><em>α’στατοῦν</em></strong></span> <span class='ocrx_word' id='word_1_194' title='bbox 448 2660 485 2725; x_wconf 88' lang='grc' dir='ltr'><strong><em>τύ</em></strong></span> <span class='ocrx_word' id='word_1_195' title='bbox 517 2662 620 2746; x_wconf 82' lang='grc' dir='ltr'><strong><em>ῥεῦμα</em></strong></span> <span class='ocrx_word' id='word_1_196' title='bbox 647 2661 703 2727; x_wconf 82' lang='grc' dir='ltr'><strong><em>καί</em></strong></span> <span class='ocrx_word' id='word_1_197' title='bbox 723 2667 795 2727; x_wconf 90' lang='grc' dir='ltr'><strong><em>λίαν</em></strong></span> <span class='ocrx_word' id='word_1_198' title='bbox 814 2662 993 2748; x_wconf 83' lang='grc' dir='ltr'><strong><em>εύδρομούν</em></strong></span> <span class='ocrx_word' id='word_1_199' title='bbox 1012 2659 1140 2746; x_wconf 80' lang='grc' dir='ltr'><strong><em>ἔχουσι,</em></strong></span> <span class='ocrx_word' id='word_1_200' title='bbox 1172 2660 1251 2737; x_wconf 87' lang='grc' dir='ltr'><strong><em>τούς</em></strong></span> <span class='ocrx_word' id='word_1_201' title='bbox 1275 2686 1377 2726; x_wconf 87' lang='grc' dir='ltr'><strong><em>κατα-</em></strong></span> 
     </span>
    </p>
   </div>
   <div class='ocr_carea' id='block_1_4' title="bbox 162 2958 1372 3031">
    <p class='ocr_par' dir='ltr' id='par_1_13' title="bbox 162 2958 1372 3031">
     <span class='ocr_line' id='line_1_25' title="bbox 162 2958 1372 3031; baseline 0.002 -24"><span class='ocrx_word' id='word_1_202' title='bbox 162 2992 174 3007; x_wconf 73' lang='grc'><em>,</em></span> <span class='ocrx_word' id='word_1_203' title='bbox 252 2967 375 3027; x_wconf 61' lang='grc' dir='ltr'><strong><em>ρυρσυς</em></strong></span> <span class='ocrx_word' id='word_1_204' title='bbox 392 2958 510 3026; x_wconf 71' lang='lat' dir='ltr'><strong>speeiem</strong></span> <span class='ocrx_word' id='word_1_205' title='bbox 528 2964 615 3012; x_wconf 84' lang='lat' dir='ltr'><strong>autem</strong></span> <span class='ocrx_word' id='word_1_206' title='bbox 633 2959 715 3031; x_wconf 78' lang='lat' dir='ltr'><strong>fugae</strong></span> <span class='ocrx_word' id='word_1_207' title='bbox 733 2974 793 3013; x_wconf 87' lang='lat' dir='ltr'><strong><em>enm</em></strong></span> <span class='ocrx_word' id='word_1_208' title='bbox 811 2958 981 3015; x_wconf 70' lang='lat' dir='ltr'><strong>simulassent</strong></span> <span class='ocrx_word' id='word_1_209' title='bbox 999 2959 1107 3025; x_wconf 70' lang='lat' dir='ltr'><strong>hostes,</strong></span> <span class='ocrx_word' id='word_1_210' title='bbox 1126 2959 1217 3029; x_wconf 80' lang='lat' dir='ltr'><strong>qualia</strong></span> <span class='ocrx_word' id='word_1_211' title='bbox 1236 2968 1302 3013; x_wconf 80' lang='lat' dir='ltr'><strong>aunt</strong></span> <span class='ocrx_word' id='word_1_212' title='bbox 1320 2962 1372 3013; x_wconf 85' lang='lat' dir='ltr'><strong><em>ho.</em></strong></span> 
     </span>
    </p>
   </div>
   <div class='ocr_carea' id='block_1_5' title="bbox 233 3030 1373 3584">
    <p class='ocr_par' dir='ltr' id='par_1_14' title="bbox 233 3030 1373 3584">
     <span class='ocr_line' id='line_1_26' title="bbox 268 3030 1373 3102; baseline 0.002 -20"><span class='ocrx_word' id='word_1_213' title='bbox 268 3045 327 3082; x_wconf 84' lang='lat' dir='ltr'><strong><em>rum</em></strong></span> <span class='ocrx_word' id='word_1_214' title='bbox 345 3030 457 3083; x_wconf 80' lang='lat' dir='ltr'><strong>artificia</strong></span> <span class='ocrx_word' id='word_1_215' title='bbox 477 3038 503 3083; x_wconf 87' lang='lat' dir='ltr'><strong><em>ot</em></strong></span> <span class='ocrx_word' id='word_1_216' title='bbox 522 3039 608 3099; x_wconf 81' lang='lat' dir='ltr'><strong>pactu,</strong></span> <span class='ocrx_word' id='word_1_217' title='bbox 627 3042 766 3102; x_wconf 76' lang='lat' dir='ltr'><strong>postquam</strong></span> <span class='ocrx_word' id='word_1_218' title='bbox 792 3034 878 3100; x_wconf 75' lang='lat' dir='ltr'><strong>sparsi</strong></span> <span class='ocrx_word' id='word_1_219' title='bbox 897 3033 992 3085; x_wconf 84' lang='lat' dir='ltr'><strong>Graeci</strong></span> <span class='ocrx_word' id='word_1_220' title='bbox 1019 3032 1133 3084; x_wconf 76' lang='lat' dir='ltr'><strong>insecuti</strong></span> <span class='ocrx_word' id='word_1_221' title='bbox 1153 3040 1224 3096; x_wconf 80' lang='lat' dir='ltr'><strong>nunt,</strong></span> <span class='ocrx_word' id='word_1_222' title='bbox 1245 3033 1373 3084; x_wconf 77' lang='lat' dir='ltr'><strong>declina-</strong></span> 
     </span>
     <span class='ocr_line' id='line_1_27' title="bbox 269 3104 1372 3172; baseline -0.005 -15"><span class='ocrx_word' id='word_1_223' title='bbox 269 3104 344 3157; x_wconf 88' lang='lat' dir='ltr'><strong>tione</strong></span> <span class='ocrx_word' id='word_1_224' title='bbox 362 3104 502 3172; x_wconf 83' lang='lat' dir='ltr'><strong>repentina</strong></span> <span class='ocrx_word' id='word_1_225' title='bbox 520 3105 606 3157; x_wconf 78' lang='lat' dir='ltr'><strong>statim</strong></span> <span class='ocrx_word' id='word_1_226' title='bbox 627 3106 696 3157; x_wconf 84' lang='lat' dir='ltr'><strong>facta</strong></span> <span class='ocrx_word' id='word_1_227' title='bbox 714 3104 833 3169; x_wconf 82' lang='lat' dir='ltr'><strong>illorum,</strong></span> <span class='ocrx_word' id='word_1_228' title='bbox 851 3120 942 3156; x_wconf 77' lang='lat' dir='ltr'><strong>turena</strong></span> <span class='ocrx_word' id='word_1_229' title='bbox 962 3118 1122 3171; x_wconf 74' lang='lat' dir='ltr'><strong>congressus</strong></span> <span class='ocrx_word' id='word_1_230' title='bbox 1141 3105 1309 3155; x_wconf 74' lang='lat' dir='ltr'>exercituum</span> <span class='ocrx_word' id='word_1_231' title='bbox 1330 3106 1372 3155; x_wconf 80' lang='lat' dir='ltr'><strong><em>ia.</em></strong></span> 
     </span>
     <span class='ocr_line' id='line_1_28' title="bbox 270 3174 1371 3245; baseline -0.001 -19"><span class='ocrx_word' id='word_1_232' title='bbox 270 3183 327 3227; x_wconf 81' lang='lat' dir='ltr'><strong>ctus</strong></span> <span class='ocrx_word' id='word_1_233' title='bbox 347 3182 396 3239; x_wconf 83' lang='lat' dir='ltr'><strong>est,</strong></span> <span class='ocrx_word' id='word_1_234' title='bbox 417 3175 537 3228; x_wconf 87' lang='lat' dir='ltr'><strong>etmulti</strong></span> <span class='ocrx_word' id='word_1_235' title='bbox 562 3177 667 3245; x_wconf 89' lang='lat' dir='ltr'><strong>quidem</strong></span> <span class='ocrx_word' id='word_1_236' title='bbox 687 3178 847 3243; x_wconf 73' lang='lat' dir='ltr'><strong>captiuum,</strong></span> <span class='ocrx_word' id='word_1_237' title='bbox 868 3175 959 3242; x_wconf 76' lang='lat' dir='ltr'><strong>plures</strong></span> <span class='ocrx_word' id='word_1_238' title='bbox 983 3184 1070 3226; x_wconf 85' lang='lat' dir='ltr'><strong>autem</strong></span> <span class='ocrx_word' id='word_1_239' title='bbox 1095 3174 1178 3243; x_wconf 81' lang='lat' dir='ltr'><strong>gladii</strong></span> <span class='ocrx_word' id='word_1_240' title='bbox 1198 3190 1266 3241; x_wconf 83' lang='lat' dir='ltr'><strong>opus</strong></span> <span class='ocrx_word' id='word_1_241' title='bbox 1288 3175 1371 3227; x_wconf 83' lang='lat' dir='ltr'><strong>iacti:</strong></span> 
     </span>
     <span class='ocr_line' id='line_1_29' title="bbox 270 3245 1373 3315; baseline -0.005 -16"><span class='ocrx_word' id='word_1_242' title='bbox 270 3260 328 3299; x_wconf 83' lang='lat' dir='ltr'><strong><em>cum</em></strong></span> <span class='ocrx_word' id='word_1_243' title='bbox 347 3248 445 3299; x_wconf 76' lang='lat' dir='ltr'><strong>ceteris</strong></span> <span class='ocrx_word' id='word_1_244' title='bbox 470 3255 557 3298; x_wconf 84' lang='lat' dir='ltr'><strong>autem</strong></span> <span class='ocrx_word' id='word_1_245' title='bbox 577 3258 668 3315; x_wconf 81' lang='lat' dir='ltr'><strong>captus</strong></span> <span class='ocrx_word' id='word_1_246' title='bbox 694 3255 734 3299; x_wconf 82' lang='lat' dir='ltr'><strong><em>est</em></strong></span> <span class='ocrx_word' id='word_1_247' title='bbox 763 3250 866 3314; x_wconf 78' lang='lat' dir='ltr'><strong>etipse</strong></span> <span class='ocrx_word' id='word_1_248' title='bbox 892 3248 938 3314; x_wconf 88' lang='lat' dir='ltr'><strong><em>qui</em></strong></span> <span class='ocrx_word' id='word_1_249' title='bbox 963 3245 1029 3297; x_wconf 86' lang='lat' dir='ltr'><strong>beili</strong></span> <span class='ocrx_word' id='word_1_250' title='bbox 1048 3246 1160 3312; x_wconf 85' lang='lat' dir='ltr'><strong>imperio</strong></span> <span class='ocrx_word' id='word_1_251' title='bbox 1181 3254 1325 3312; x_wconf 73' lang='lat' dir='ltr'>praeerat:</span> <span class='ocrx_word' id='word_1_252' title='bbox 1345 3254 1373 3295; x_wconf 87' lang='lat' dir='ltr'><strong><em>et</em></strong></span> 
     </span>
     <span class='ocr_line' id='line_1_30' title="bbox 269 3317 1371 3385; baseline -0.001 -17"><span class='ocrx_word' id='word_1_253' title='bbox 269 3326 376 3385; x_wconf 81' lang='lat' dir='ltr'><strong>praeter</strong></span> <span class='ocrx_word' id='word_1_254' title='bbox 395 3326 485 3369; x_wconf 83' lang='lat' dir='ltr'><strong>cetera</strong></span> <span class='ocrx_word' id='word_1_255' title='bbox 505 3320 582 3369; x_wconf 88' lang='lat' dir='ltr'><strong>etiam</strong></span> <span class='ocrx_word' id='word_1_256' title='bbox 607 3321 725 3385; x_wconf 85' lang='lat' dir='ltr'><strong>ipsorum</strong></span> <span class='ocrx_word' id='word_1_257' title='bbox 749 3328 894 3371; x_wconf 75' lang='lat' dir='ltr'><strong>castrorum</strong></span> <span class='ocrx_word' id='word_1_258' title='bbox 920 3318 1081 3384; x_wconf 78' lang='lat' dir='ltr'><strong>expugnatio</strong></span> <span class='ocrx_word' id='word_1_259' title='bbox 1110 3325 1137 3367; x_wconf 91' lang='lat' dir='ltr'><strong><em>et</em></strong></span> <span class='ocrx_word' id='word_1_260' title='bbox 1164 3317 1282 3383; x_wconf 79' lang='lat' dir='ltr'><strong>direptio</strong></span> <span class='ocrx_word' id='word_1_261' title='bbox 1302 3318 1371 3368; x_wconf 81' lang='lat' dir='ltr'><strong>facta</strong></span> 
     </span>
     <span class='ocr_line' id='line_1_31' title="bbox 233 3387 1370 3467; baseline -0.002 -28"><span class='ocrx_word' id='word_1_262' title='bbox 233 3406 236 3413; x_wconf 92' lang='lat'><em>·</em></span> <span class='ocrx_word' id='word_1_263' title='bbox 271 3396 326 3449; x_wconf 70' lang='lat' dir='ltr'><strong>este</strong></span> <span class='ocrx_word' id='word_1_264' title='bbox 346 3397 425 3455; x_wconf 89' lang='lat' dir='ltr'><strong>atque</strong></span> <span class='ocrx_word' id='word_1_265' title='bbox 449 3389 501 3439; x_wconf 85' lang='lat' dir='ltr'><strong>niai</strong></span> <span class='ocrx_word' id='word_1_266' title='bbox 535 3389 597 3441; x_wconf 80' lang='lat' dir='ltr'><strong>urbs</strong></span> <span class='ocrx_word' id='word_1_267' title='bbox 625 3405 708 3457; x_wconf 83' lang='lat' dir='ltr'><strong>prope</strong></span> <span class='ocrx_word' id='word_1_268' title='bbox 720 3391 777 3467; x_wconf 63' lang='lat' dir='ltr'><strong>pita</strong></span> <span class='ocrx_word' id='word_1_269' title='bbox 801 3390 929 3456; x_wconf 66' lang='lat' dir='ltr'><strong>plurimos</strong></span> <span class='ocrx_word' id='word_1_270' title='bbox 954 3396 1104 3452; x_wconf 74' lang='lat' dir='ltr'><strong>servasset,</strong></span> <span class='ocrx_word' id='word_1_271' title='bbox 1131 3387 1164 3438; x_wconf 86' lang='lat' dir='ltr'><strong><em>ad</em></strong></span> <span class='ocrx_word' id='word_1_272' title='bbox 1183 3403 1266 3438; x_wconf 86' lang='lat' dir='ltr'><strong>unum</strong></span> <span class='ocrx_word' id='word_1_273' title='bbox 1285 3390 1370 3438; x_wconf 82' lang='lat' dir='ltr'><strong>omnin</strong></span> 
     </span>
     <span class='ocr_line' id='line_1_32' title="bbox 269 3458 1370 3528; baseline -0.004 -17"><span class='ocrx_word' id='word_1_274' title='bbox 269 3458 418 3527; x_wconf 87' lang='lat' dir='ltr'><strong>perieulum</strong></span> <span class='ocrx_word' id='word_1_275' title='bbox 443 3458 548 3511; x_wconf 78' lang='lat' dir='ltr'><strong>subibat</strong></span> <span class='ocrx_word' id='word_1_276' title='bbox 567 3459 728 3513; x_wconf 84' lang='lat' dir='ltr'><strong>Graecorum</strong></span> <span class='ocrx_word' id='word_1_277' title='bbox 756 3462 883 3511; x_wconf 82' lang='lat' dir='ltr'><strong>inventus</strong></span> <span class='ocrx_word' id='word_1_278' title='bbox 909 3473 1083 3528; x_wconf 85' lang='lat' dir='ltr'><strong>quaeeunque</strong></span> <span class='ocrx_word' id='word_1_279' title='bbox 1109 3459 1141 3509; x_wconf 89' lang='lat' dir='ltr'><strong><em>ad</em></strong></span> <span class='ocrx_word' id='word_1_280' title='bbox 1169 3458 1240 3509; x_wconf 87' lang='lat' dir='ltr'><strong>hano</strong></span> <span class='ocrx_word' id='word_1_281' title='bbox 1257 3459 1370 3525; x_wconf 82' lang='lat' dir='ltr'><strong>expedi-</strong></span> 
     </span>
     <span class='ocr_line' id='line_1_33' title="bbox 270 3534 560 3584; baseline -0.014 -1"><span class='ocrx_word' id='word_1_282' title='bbox 270 3534 369 3583; x_wconf 83' lang='lat' dir='ltr'>tionem</span> <span class='ocrx_word' id='word_1_283' title='bbox 388 3537 560 3584; x_wconf 81' lang='lat' dir='ltr'><strong>convenerat.</strong></span> 
     </span>
    </p>
   </div>
   <div class='ocr_carea' id='block_1_6' title="bbox 270 3616 1369 4264">
    <p class='ocr_par' dir='ltr' id='par_1_15' title="bbox 270 3616 1369 4264">
     <span class='ocr_line' id='line_1_34' title="bbox 371 3616 1369 3699; baseline -0.005 -22"><span class='ocrx_word' id='word_1_284' title='bbox 371 3626 445 3690; x_wconf 81' lang='lat' dir='ltr'><strong>Quae</strong></span> <span class='ocrx_word' id='word_1_285' title='bbox 464 3616 569 3694; x_wconf 76' lang='lat' dir='ltr'><strong>quidein</strong></span> <span class='ocrx_word' id='word_1_286' title='bbox 589 3623 657 3674; x_wconf 83' lang='lat' dir='ltr'><strong><em>samu</em></strong></span> <span class='ocrx_word' id='word_1_287' title='bbox 675 3640 734 3675; x_wconf 89' lang='lat' dir='ltr'><strong><em>eum</em></strong></span> <span class='ocrx_word' id='word_1_288' title='bbox 754 3624 888 3678; x_wconf 85' lang='lat' dir='ltr'><strong>obtineret</strong></span> <span class='ocrx_word' id='word_1_289' title='bbox 905 3643 1006 3696; x_wconf 78' lang='lat' dir='ltr'><strong>regem,</strong></span> <span class='ocrx_word' id='word_1_290' title='bbox 1025 3626 1108 3677; x_wconf 81' lang='lat' dir='ltr'><strong>multa</strong></span> <span class='ocrx_word' id='word_1_291' title='bbox 1126 3627 1267 3694; x_wconf 75' lang='lat' dir='ltr'><strong>aegritudo</strong></span> <span class='ocrx_word' id='word_1_292' title='bbox 1286 3641 1369 3699; x_wconf 81' lang='lat' dir='ltr'><strong>occu.</strong></span> 
     </span>
     <span class='ocr_line' id='line_1_35' title="bbox 270 3696 1369 3767; baseline -0.005 -16"><span class='ocrx_word' id='word_1_293' title='bbox 270 3699 346 3767; x_wconf 64' lang='lat' dir='ltr'><strong>pauit</strong></span> <span class='ocrx_word' id='word_1_294' title='bbox 364 3706 391 3749; x_wconf 88' lang='lat' dir='ltr'><strong><em>et</em></strong></span> <span class='ocrx_word' id='word_1_295' title='bbox 410 3713 469 3748; x_wconf 85' lang='lat' dir='ltr'><strong><em>eum</em></strong></span> <span class='ocrx_word' id='word_1_296' title='bbox 489 3703 516 3745; x_wconf 91' lang='lat' dir='ltr'><strong><em>et</em></strong></span> <span class='ocrx_word' id='word_1_297' title='bbox 535 3696 686 3762; x_wconf 83' lang='lat' dir='ltr'><strong>quicunque</strong></span> <span class='ocrx_word' id='word_1_298' title='bbox 712 3711 728 3745; x_wconf 85' lang='lat' dir='ltr'><strong>a</strong></span> <span class='ocrx_word' id='word_1_299' title='bbox 749 3697 909 3749; x_wconf 86' lang='lat' dir='ltr'><strong>Graecorum</strong></span> <span class='ocrx_word' id='word_1_300' title='bbox 929 3706 1003 3765; x_wconf 82' lang='lat' dir='ltr'><strong>parte</strong></span> <span class='ocrx_word' id='word_1_301' title='bbox 1028 3698 1140 3750; x_wconf 82' lang='lat' dir='ltr'><strong>stabant.</strong></span> <span class='ocrx_word' id='word_1_302' title='bbox 1183 3697 1301 3748; x_wconf 87' lang='lat' dir='ltr'><strong>nondum</strong></span> <span class='ocrx_word' id='word_1_303' title='bbox 1320 3712 1369 3746; x_wconf 88' lang='lat' dir='ltr'><strong><em>au-</em></strong></span> 
     </span>
     <span class='ocr_line' id='line_1_36' title="bbox 272 3766 1369 3830; baseline -0.004 -10"><span class='ocrx_word' id='word_1_304' title='bbox 272 3779 323 3821; x_wconf 88' lang='lat' dir='ltr'><strong><em>tem</em></strong></span> <span class='ocrx_word' id='word_1_305' title='bbox 345 3768 412 3819; x_wconf 81' lang='lat' dir='ltr'><strong>fama</strong></span> <span class='ocrx_word' id='word_1_306' title='bbox 433 3766 595 3830; x_wconf 80' lang='lat' dir='ltr'><strong>effloruerat,</strong></span> <span class='ocrx_word' id='word_1_307' title='bbox 616 3773 642 3816; x_wconf 90' lang='lat' dir='ltr'><strong><em>et</em></strong></span> <span class='ocrx_word' id='word_1_308' title='bbox 660 3782 750 3819; x_wconf 74' lang='lat' dir='ltr'><strong>nunnus</strong></span> <span class='ocrx_word' id='word_1_309' title='bbox 769 3767 822 3818; x_wconf 91' lang='lat' dir='ltr'><strong>alia</strong></span> <span class='ocrx_word' id='word_1_310' title='bbox 838 3769 949 3821; x_wconf 86' lang='lat' dir='ltr'><strong>obvenit</strong></span> <span class='ocrx_word' id='word_1_311' title='bbox 966 3770 1063 3821; x_wconf 84' lang='lat' dir='ltr'><strong>Turcns</strong></span> <span class='ocrx_word' id='word_1_312' title='bbox 1081 3769 1205 3820; x_wconf 79' lang='lat' dir='ltr'><strong>nuntians</strong></span> <span class='ocrx_word' id='word_1_313' title='bbox 1219 3767 1369 3820; x_wconf 83' lang='lat' dir='ltr'><strong>Ghonarum</strong></span> 
     </span>
     <span class='ocr_line' id='line_1_37' title="bbox 272 3835 1369 3904; baseline -0.002 -15"><span class='ocrx_word' id='word_1_314' title='bbox 272 3840 406 3889; x_wconf 81' lang='lat' dir='ltr'><strong>civitatem</strong></span> <span class='ocrx_word' id='word_1_315' title='bbox 429 3846 456 3888; x_wconf 89' lang='lat' dir='ltr'><strong><em>et</em></strong></span> <span class='ocrx_word' id='word_1_316' title='bbox 474 3838 559 3901; x_wconf 78' lang='lat' dir='ltr'><strong>ipsum</strong></span> <span class='ocrx_word' id='word_1_317' title='bbox 578 3835 727 3904; x_wconf 85' lang='lat' dir='ltr'><strong>peroiarum</strong></span> <span class='ocrx_word' id='word_1_318' title='bbox 746 3837 780 3890; x_wconf 89' lang='lat' dir='ltr'><strong><em>ob</em></strong></span> <span class='ocrx_word' id='word_1_319' title='bbox 798 3841 926 3891; x_wconf 88' lang='lat' dir='ltr'><strong>miracula</strong></span> <span class='ocrx_word' id='word_1_320' title='bbox 946 3849 972 3891; x_wconf 89' lang='lat' dir='ltr'><strong><em>et</em></strong></span> <span class='ocrx_word' id='word_1_321' title='bbox 990 3841 1058 3890; x_wconf 83' lang='lat' dir='ltr'><strong>dona</strong></span> <span class='ocrx_word' id='word_1_322' title='bbox 1083 3840 1176 3890; x_wconf 80' lang='lat' dir='ltr'><strong>nummi</strong></span> <span class='ocrx_word' id='word_1_323' title='bbox 1202 3839 1369 3904; x_wconf 80' lang='lat' dir='ltr'><strong>imperatoria</strong></span> 
     </span>
     <span class='ocr_line' id='line_1_38' title="bbox 271 3907 1369 3977; baseline -0.005 -17"><span class='ocrx_word' id='word_1_324' title='bbox 271 3907 398 3974; x_wconf 87' lang='lat' dir='ltr'><strong>templum</strong></span> <span class='ocrx_word' id='word_1_325' title='bbox 418 3907 507 3975; x_wconf 78' lang='lat' dir='ltr'><strong>gladio</strong></span> <span class='ocrx_word' id='word_1_326' title='bbox 530 3909 644 3974; x_wconf 80' lang='lat' dir='ltr'><strong>cepisse,</strong></span> <span class='ocrx_word' id='word_1_327' title='bbox 663 3917 689 3960; x_wconf 87' lang='lat' dir='ltr'><strong><em>et</em></strong></span> <span class='ocrx_word' id='word_1_328' title='bbox 713 3911 794 3962; x_wconf 84' lang='lat' dir='ltr'><strong>caedo</strong></span> <span class='ocrx_word' id='word_1_329' title='bbox 820 3913 907 3962; x_wconf 85' lang='lat' dir='ltr'><strong>omnia</strong></span> <span class='ocrx_word' id='word_1_330' title='bbox 927 3911 963 3962; x_wconf 90' lang='lat' dir='ltr'><strong><em>ibi</em></strong></span> <span class='ocrx_word' id='word_1_331' title='bbox 982 3909 1138 3977; x_wconf 80' lang='lat' dir='ltr'><strong>impievione</strong></span> <span class='ocrx_word' id='word_1_332' title='bbox 1157 3918 1185 3960; x_wconf 91' lang='lat' dir='ltr'><strong><em>et</em></strong></span> <span class='ocrx_word' id='word_1_333' title='bbox 1203 3910 1369 3961; x_wconf 81' lang='lat' dir='ltr'><strong>contamino.</strong></span> 
     </span>
     <span class='ocr_line' id='line_1_39' title="bbox 270 3977 1366 4049; baseline -0.004 -19"><span class='ocrx_word' id='word_1_334' title='bbox 270 3980 354 4040; x_wconf 86' lang='lat' dir='ltr'><strong>tione,</strong></span> <span class='ocrx_word' id='word_1_335' title='bbox 374 3977 479 4029; x_wconf 87' lang='lat' dir='ltr'><strong>multam</strong></span> <span class='ocrx_word' id='word_1_336' title='bbox 499 3985 585 4029; x_wconf 88' lang='lat' dir='ltr'><strong>autem</strong></span> <span class='ocrx_word' id='word_1_337' title='bbox 606 3981 756 4047; x_wconf 81' lang='lat' dir='ltr'><strong>superbiam</strong></span> <span class='ocrx_word' id='word_1_338' title='bbox 771 3982 870 4049; x_wconf 86' lang='lat' dir='ltr'><strong>templo</strong></span> <span class='ocrx_word' id='word_1_339' title='bbox 890 3981 1015 4034; x_wconf 75' lang='lat' dir='ltr'><strong>intulisse</strong></span> <span class='ocrx_word' id='word_1_340' title='bbox 1035 3990 1062 4032; x_wconf 88' lang='lat' dir='ltr'><strong><em>et</em></strong></span> <span class='ocrx_word' id='word_1_341' title='bbox 1080 3983 1106 4033; x_wconf 89' lang='lat' dir='ltr'><strong><em>id</em></strong></span> <span class='ocrx_word' id='word_1_342' title='bbox 1126 3981 1196 4049; x_wconf 93' lang='lat' dir='ltr'><strong>qnod</strong></span> <span class='ocrx_word' id='word_1_343' title='bbox 1214 3982 1300 4048; x_wconf 80' lang='lat' dir='ltr'><strong>magia</strong></span> <span class='ocrx_word' id='word_1_344' title='bbox 1317 3982 1366 4029; x_wconf 87' lang='lat' dir='ltr'><strong><em>im.</em></strong></span> 
     </span>
     <span class='ocr_line' id='line_1_40' title="bbox 270 4050 1366 4122; baseline 0.001 -23"><span class='ocrx_word' id='word_1_345' title='bbox 270 4051 341 4116; x_wconf 83' lang='lat' dir='ltr'><strong>pium</strong></span> <span class='ocrx_word' id='word_1_346' title='bbox 360 4054 400 4099; x_wconf 80' lang='lat' dir='ltr'><strong><em>eat</em></strong></span> <span class='ocrx_word' id='word_1_347' title='bbox 419 4064 472 4100; x_wconf 90' lang='lat' dir='ltr'><strong><em>non</em></strong></span> <span class='ocrx_word' id='word_1_348' title='bbox 493 4050 572 4103; x_wconf 81' lang='lat' dir='ltr'><strong>vallis</strong></span> <span class='ocrx_word' id='word_1_349' title='bbox 592 4054 691 4117; x_wconf 69' lang='lat' dir='ltr'><strong>riman,</strong></span> <span class='ocrx_word' id='word_1_350' title='bbox 714 4055 740 4104; x_wconf 91' lang='lat' dir='ltr'><strong><em>in</em></strong></span> <span class='ocrx_word' id='word_1_351' title='bbox 760 4069 811 4122; x_wconf 86' lang='lat' dir='ltr'><strong><em>qua</em></strong></span> <span class='ocrx_word' id='word_1_352' title='bbox 833 4051 1052 4120; x_wconf 80' lang='lat' dir='ltr'><strong>praeterfluentes</strong></span> <span class='ocrx_word' id='word_1_353' title='bbox 1072 4052 1146 4103; x_wconf 83' lang='lat' dir='ltr'><strong>fluvii</strong></span> <span class='ocrx_word' id='word_1_354' title='bbox 1167 4053 1203 4103; x_wconf 87' lang='lat' dir='ltr'><strong><em>ibi</em></strong></span> <span class='ocrx_word' id='word_1_355' title='bbox 1224 4052 1301 4117; x_wconf 75' lang='lat' dir='ltr'><strong>effusi</strong></span> <span class='ocrx_word' id='word_1_356' title='bbox 1321 4066 1366 4115; x_wconf 83' lang='lat' dir='ltr'><strong><em>per</em></strong></span> 
     </span>
     <span class='ocr_line' id='line_1_41' title="bbox 271 4120 1366 4193; baseline -0.002 -20"><span class='ocrx_word' id='word_1_357' title='bbox 271 4120 364 4173; x_wconf 78' lang='lat' dir='ltr'><strong>summi</strong></span> <span class='ocrx_word' id='word_1_358' title='bbox 383 4120 549 4188; x_wconf 81' lang='lat' dir='ltr'><strong>imperatoris</strong></span> <span class='ocrx_word' id='word_1_359' title='bbox 568 4126 705 4193; x_wconf 87' lang='lat' dir='ltr'><strong>antiquum</strong></span> <span class='ocrx_word' id='word_1_360' title='bbox 724 4126 906 4178; x_wconf 74' lang='lat' dir='ltr'><strong>deversorium</strong></span> <span class='ocrx_word' id='word_1_361' title='bbox 933 4132 959 4187; x_wconf 79' lang='lat' dir='ltr'><strong><em>et</em></strong></span> <span class='ocrx_word' id='word_1_362' title='bbox 978 4124 1154 4191; x_wconf 79' lang='lat' dir='ltr'><strong>praesentiam</strong></span> <span class='ocrx_word' id='word_1_363' title='bbox 1174 4131 1203 4173; x_wconf 91' lang='lat' dir='ltr'><strong><em>ut</em></strong></span> <span class='ocrx_word' id='word_1_364' title='bbox 1222 4139 1271 4190; x_wconf 84' lang='lat' dir='ltr'><strong><em>per</em></strong></span> <span class='ocrx_word' id='word_1_365' title='bbox 1290 4136 1366 4189; x_wconf 80' lang='lat' dir='ltr'><strong>prae.</strong></span> 
     </span>
     <span class='ocr_line' id='line_1_42' title="bbox 272 4191 1366 4264; baseline -0.004 -15"><span class='ocrx_word' id='word_1_366' title='bbox 272 4206 335 4259; x_wconf 78' lang='lat' dir='ltr'><strong>cepa</strong></span> <span class='ocrx_word' id='word_1_367' title='bbox 355 4191 484 4248; x_wconf 86' lang='lat' dir='ltr'><strong>turbidum</strong></span> <span class='ocrx_word' id='word_1_368' title='bbox 503 4210 596 4264; x_wconf 86' lang='lat' dir='ltr'><strong>aquam</strong></span> <span class='ocrx_word' id='word_1_369' title='bbox 618 4205 645 4248; x_wconf 86' lang='lat' dir='ltr'><strong><em>et</em></strong></span> <span class='ocrx_word' id='word_1_370' title='bbox 662 4196 740 4249; x_wconf 85' lang='lat' dir='ltr'><strong>valde</strong></span> <span class='ocrx_word' id='word_1_371' title='bbox 765 4203 915 4248; x_wconf 83' lang='lat' dir='ltr'><strong>currentem</strong></span> <span class='ocrx_word' id='word_1_372' title='bbox 934 4194 1042 4262; x_wconf 87' lang='lat' dir='ltr'><strong>habent,</strong></span> <span class='ocrx_word' id='word_1_373' title='bbox 1063 4194 1192 4262; x_wconf 77' lang='lat' dir='ltr'><strong>fugitivos</strong></span> <span class='ocrx_word' id='word_1_374' title='bbox 1212 4193 1366 4249; x_wconf 73' lang='lat' dir='ltr'><strong>observatae</strong></span> 
     </span>
    </p>
   </div>
   <div class='ocr_carea' id='block_1_7' title="bbox 0 0 1424 4750">
    <p class='ocr_par' dir='ltr' id='par_1_16' title="bbox 0 0 1424 4750">
     <span class='ocr_line' id='line_1_43' title="bbox 0 0 1424 4750; baseline 0 0"><span class='ocrx_word' id='word_1_375' title='bbox 0 0 1424 4750; x_wconf 95' lang='lat' dir='ltr'><strong><em> </em></strong></span> 
     </span>
    </p>
   </div>
  </div>
 </body>
</html>
