2834 4750
458 271 464 285 '
502 293 506 300 ⁴
580 268 789 361 armonia
850 387 854 398 1
1155 241 1235 349 ιον

225 459 443 539 Ὑποστρέψας
466 449 522 520 σόν
547 455 668 520 ε’κεῖθσν
694 458 739 530 εἰς
759 456 817 540 την
838 457 1047 541 Σεβαστηνάν
1068 449 1230 569 μητρόαο-
1279 477 1284 483 ’

23 641 28 652 ¹
120 561 177 627 λἰν
190 557 315 678 πράτην
330 551 457 640 άγοντος
472 558 527 621 τοά
539 554 723 638 ότιιισβρίου
735 555 844 682 μηνός,
865 580 917 621 και
913 547 1157 628 διαναπαόσας
1176 544 1231 616 τόν

103 659 266 742 στρατόν
295 656 328 723 ἒν
355 659 469 740 μόνμις
497 657 631 742 ἡμέραις
656 660 774 743 τρισίν,
805 650 887 740 άρας
925 655 1048 721 ἐκεῖθεν
1076 656 1132 737 τῆς
1153 648 1243 736 πρὸς-

101 764 251 848 Συρίαν
273 753 410 842 άγοόσης
431 756 543 841 εἴχετο,
565 783 617 822 και
614 757 686 822 διά
711 762 774 822 τῶν
793 766 847 843 τῆς
866 759 1057 823 Κοοκουσοά
1078 750 1231 818 citerus

86 868 184 937 5καί
205 855 527 938 δυσόιεξοόεάτιον
505 861 659 942 capaneia
680 861 725 934 είς
748 863 778 924 Γ
776 863 979 942 ερμανικειαν
1005 851 1165 928 καταστάς
1186 854 1232 928 τίς
1313 880 1316 887 ·

121 967 163 1032 τό
190 965 275 1044 θόμα
297 963 330 1027 τὸ
355 960 547 1054 καλούμενον
567 957 689 1042 Τελοάχ
712 963 799 1045 παρά
819 968 884 1036 τοῖς
906 960 1080 1042 Ἀρμενίοις
1099 951 1232 1035 εἰσβάλ-

123 1074 188 1151 λει,
209 1065 361 1146 πρότερον
382 1060 440 1126 οόκ
457 1060 564 1145 όλίγην
585 1061 821 1143 όποτεμόμενος
839 1063 987 1147 φάλαγγα
1006 1053 1232 1141 στρατιωτικὴν

122 1165 208 1249 μετά
231 1162 531 1280 συνταγμαηάρχου,
556 1161 611 1225 καί
632 1162 676 1236 είς
698 1158 884 1245 Μελιτηνην
905 1156 1106 1239 ε’κπόμιγας’
1081 1151 1143 1218 επὶ
1164 1175 1271 1269 po-

124 1270 209 1352 λακῇ
230 1268 293 1329 τῶν
313 1265 369 1344 τῆς
391 1256 470 1336 ἐάας
505 1263 655 1344 θεμάτων
677 1265 733 1326 καί
752 1262 940 1327 α’ντιπτάσει
959 1260 1022 1324 τάν
1043 1252 1144 1321 iaetus
1166 1244 1271 1318 τότε

72 1383 114 1437 10
126 1361 451 1487 προσεφεόρεοόντοον
479 1366 625 1447 ἐχθράν,
659 1353 703 1426 ὧν
736 1357 835 1447 ηρχεν
869 1360 949 1446 άνὴρ
982 1359 1161 1440 πανοῦργος
1180 1351 1236 1417 καί

125 1467 272 1551 μάχιμος
312 1464 443 1545 όνόματι
479 1463 697 1544 Λόσινάλιος,
731 1463 785 1527 όιά
819 1467 913 1527 τοῦτο
943 1458 1046 1544 γάρό
1082 1449 1263 1538 βασιλοάςί
1276 1460 1371 1514 188v

127 1569 209 1651 μετά
233 1569 295 1631 τῶν
316 1565 421 1648 λόχων
452 1590 503 1628 και
536 1567 682 1647 λοχαγῶν
706 1589 758 1628 και
782 1563 856 1639 τοάς
886 1557 1031 1636 ἅπαντας
1056 1543 1235 1641 Φράγγθϋς,

131 1660 254 1750 άνόρας
276 1663 462 1748 αἱμοχαρεῖς
489 1691 541 1730 και
566 1663 774 1747 πολεμικούς,
797 1669 840 1751 τῷ
860 1686 1022 1748 στροτηγιρ
1008 1658 1156 1726 rueret·
1171 1679 1236 1720 πα-

130 1770 332 1852 ραόόόιοκεν,
355 1757 455 1856 ἐφ’-ᾦ
477 1768 516 1830 δι’
539 1766 641 1850 άὸράς
664 1765 828 1847 δυνάμεως
848 1768 1067 1852 περιγίνεσθαι
1095 1763 1155 1827 τοῦ
1174 1779 1236 1821 πο-

80 1892 119 1944 15
130 1871 229 1950 λέμου
256 1864 437 1952 ἀλλόφυλος
463 1870 644 1950 ἐπιγένοιτο.
697 1867 765 1930 ἀλλ’
797 1858 889 1940 οὗτος
911 1865 968 1929 οόκ
1000 1857 1168 1946 εὐθαρσῶς
1192 1849 1249 1934 εἰς’

135 1961 219 2046 άπαξ
252 1970 307 2030 καί
329 1969 528 2052 όφιλοτίμως
556 1965 758 2052 χρησόμενος
780 1968 823 2053 τῷ
854 1966 953 2050 καιρῷ
975 1964 1029 2026 καί
1049 1968 1112 2036 τοίς
1134 1957 1238 2044 πράγ-

132 2092 232 2150 μασι,
252 2069 368 2152 μικροῦ
388 2071 431 2154 τῷ
453 2073 581 2150 βασιλεῖ
601 2071 734 2133 διπλοῦν
758 2068 904 2146 πόλεμον,
924 2063 1147 2150 ὑστερουμένῳ
1169 2082 1238 2125 τοι-

136 2169 233 2253 οότης
257 2171 410 2252 στρατιαῖς
433 2164 673 2251 μαχιμωτάτης,
695 2169 767 2232 ἄνθ’
791 2167 896 2230 άπλοιῖ
918 2165 1113 2248 προοξένηοε.
1157 2165 1238 2224 πολ-

134 2266 225 2344 λάκις
245 2269 306 2352 γάρ
322 2272 586 2352 προκαλουμένων
608 2266 705 2332 αότὸν
722 2269 783 2332 τοῖιν
794 2269 941 2362 ε’χθρσῖν,
965 2267 1019 2348 καί
1039 2290 1084 2348 μη
1106 2260 1237 2326 ἐπαίον-

84 2386 186 2447 λθτος
212 2373 327 2449 ἐξιέναι
351 2371 408 2434 τοῦ
425 2359 543 2451 άστεος
579 2393 634 2453 της
657 2370 836 2453 Μελιτηνῆς
861 2369 965 2431 καίτοι
992 2366 1056 2429 τάν
1076 2386 1238 2447 στρατιω-

134 2476 198 2539 τιόν
221 2474 569 2556 προθομοποοουμὲνιον
594 2470 701 2546 αὐτοῖς
715 2464 1009 2548 όντεπεξελθιῖν,ι
984 2490 1029 2541 ας
1047 2459 1133 2531 eidos
1154 2467 1238 2529 taur-

136 2596 186 2637 νοι
206 2570 240 2638 τό
262 2571 412 2656 γλίσχρον
428 2572 530 2636 adrui
551 2570 606 2637 καί
625 2575 771 2656 περιδεὲς
792 2573 848 2635 κατ’
868 2568 1038 2650 άπόλεμον,
1059 2562 1114 2632 διά
1134 2564 1238 2630 τόπων
1305 2589 1309 2600 ’

137 2671 265 2760 α’όὴλονν
296 2674 488 2756 βαδίσαντος
522 2676 578 2758 τῆς
603 2673 772 2758 βασιλικῆς
803 2673 958 2759 στρατιάς
982 2674 1081 2758 μοίρρ
1109 2669 1174 2772 rtet*
1192 2667 1236 2731 δι’

214 2825 256 2881 14.
275 2828 542 2899 παραγίνεσθαιῦ.
561 2836 679 2882 correxit
686 2829 840 2899 interpres.

240 2982 377 3035 Reversus
398 2983 480 3055 igitur
498 2982 586 3050 inde
579 2999 607 3035 in
626 2982 832 3037 Sebastenorum
851 2983 944 3036 urbem
963 2979 1104 3050 capitalem
1128 2949 1240 3051 primum

141 3058 239 3125 agente
258 3068 350 3105 mense
370 3050 479 3105 octobre
499 3063 526 3106 et
544 3056 660 3123 quietem
680 3055 830 3106 concedens
850 3054 981 3106 exercitui
1000 3052 1073 3104 solos
1099 3060 1154 3104 tres
1173 3054 1240 3117 dics,

140 3127 278 3195 profectus
296 3125 358 3175 inde
377 3128 447 3176 viam
465 3128 527 3177 iniit
544 3143 612 3195 quae
632 3127 663 3177 ad
683 3126 787 3191 Syriam
804 3126 893 3190 ducit,
914 3133 941 3176 ct
957 3140 1006 3209 per
1034 3122 1132 3176 Oucusi
1156 3122 1243 3175 valles

142 3208 169 3250 et
188 3195 313 3249 diliiciles
333 3197 390 3248 vias
413 3198 440 3247 in
461 3198 615 3250 Germanica
634 3213 664 3249 se
684 3198 848 3248 constituens
868 3197 894 3246 in
913 3196 1078 3263 provinciam
1103 3210 1170 3262 quae
1189 3208 1242 3246 vo-

142 3279 216 3321 catur
235 3266 335 3319 Telncb
355 3270 423 3334 apud
438 3268 587 3333 Armenios,
610 3269 716 3331 incidit,
737 3275 875 3336 postquam
895 3274 974 3318 antea
991 3282 1046 3318 non
1065 3282 1174 3333 parvam
1192 3264 1242 3315 ab.

143 3342 221 3394 scidit
246 3339 407 3405 phalangem
439 3339 551 3391 militum
579 3356 642 3391 cum
673 3340 811 3406 praefecto
840 3340 941 3390 ordinis
976 3347 1002 3389 ct
1030 3338 1062 3389 ad
1089 3337 1244 3390 lielitenem

144 3412 230 3464 emisit
257 3411 289 3461 ad
315 3411 476 3476 praesidium
495 3412 691 3477 provinciarum
713 3411 823 3462 orientis
843 3419 870 3462 et
885 3410 917 3461 ad
933 3408 1109 3462 resistendum
1122 3406 1244 3459 hostibus

143 3484 180 3536 ibi
200 3490 253 3533 tum
273 3482 381 3533 insidias
405 3484 573 3546 parantibus:
601 3482 696 3552 quibus
721 3482 827 3564 quidem
849 3483 1002 3547 imperavit.
1017 3480 1060 3532 vir
1085 3478 1199 3530 callidus
1218 3487 1245 3529 ct

144 3569 260 3622 pugnax,
279 3552 386 3603 nomine
404 3552 574 3605 Ausinaliuel
605 3562 749 3620 propterea
768 3554 838 3604 enim
854 3569 903 3604 rex
922 3568 981 3603 curn
994 3552 1123 3603 centuriis
1140 3559 1166 3601 ct
1177 3566 1244 3603 cen-

83 3660 86 3667 -
143 3624 293 3679 turionibus
320 3624 398 3674 etiam
425 3638 515 3675 omnes
534 3624 659 3689 Francos,
680 3625 801 3680 homines
821 3626 951 3707 sanguine
970 3622 1117 3689 gaudentes
1137 3629 1164 3673 et
1182 3621 1244 3674 bel-

143 3698 260 3758 licosos,
287 3695 349 3745 huic
369 3692 428 3744 duci
453 3696 574 3760 tradidit,
602 3706 631 3747 ut
656 3696 745 3748 valida
770 3697 796 3747 vi
816 3696 961 3749 sustineret
980 3692 1110 3745 bellum
1103 3693 1244 3761 inquibus

101 3824 104 3838 ,
143 3769 212 3819 locis
231 3732 274 3817 λλλὶ
302 3764 406 3832 quando
427 3764 526 3815 bellum
546 3776 682 3819 externum
700 3768 826 3818 instaret:
847 3768 894 3819 sed
916 3766 961 3815 bic
988 3780 1043 3816 non
1067 3765 1173 3817 fortiter
1191 3779 1244 3815 uno

146 3842 200 3890 ictu
222 3845 249 3887 et
268 3838 325 3887 sine
346 3836 455 3889 honoria
471 3837 557 3887 studio
569 3854 632 3890 usus
648 3839 791 3890 occasione
811 3846 837 3889 et
856 3836 945 3901 rebus,
962 3851 1050 3902 paene
1067 3838 1126 3904 regi
1146 3836 1245 3904 duplex

144 3907 248 3961 bellum
267 3908 365 3959 nudato
382 3908 446 3959 tali
443 3910 643 3975 pugnacissime
665 3912 785 3959 exercitu
804 3924 853 3976 pro
872 3907 995 3982 simplice
1011 3910 1148 3959 excitavit.
1186 3923 1245 3958 cum

147 3980 218 4031 enim
245 3994 438 4044 saepenumero
463 3987 639 4045 provocarent
660 3994 731 4030 eum
745 3979 836 4049 bootes
856 3986 945 4047 neque
961 3970 1018 4031 ille
1042 3987 1200 4048 sequeretur
1217 3985 1247 4029 ut

148 4051 292 4103 excederet
313 4050 378 4100 urbe
403 4050 538 4114 Melitene,
558 4065 705 4118 quanquam
725 4040 824 4104 milites
850 4053 935 4119 Parati
955 4059 1030 4102 crant
1048 4068 1107 4103 enm
1126 4052 1159 4104 iis
1178 4062 1246 4101 con-

149 4122 237 4191 gredi,
258 4130 398 4191 postquam
418 4120 459 4175 illi
477 4123 601 4175 viderunt
618 4130 726 4173 tenuem
746 4121 920 4175 constantiani
939 4124 1123 4193 (tenuitatem)
1143 4123 1202 4173 eins
1221 4128 1248 4172 et

149 4193 321 4249 timiditatem
338 4200 364 4245 et
375 4191 463 4247 belli
456 4196 620 4265 imperitiam,
637 4208 687 4264 per
706 4194 789 4249 loca'
781 4204 874 4265 ignota
891 4196 1007 4265 ingrcssi
1024 4194 1094 4264 regii
1114 4192 1247 4249 excretam
