2834 4750
266 239 337 322 ιιο
559 245 779 316 ιιισιιεειιε
809 218 1069 310 trutmonia
1158 270 1163 280 ·
1395 192 1398 361 ή

265 417 308 501 τῷ
330 419 464 494 συνεχεῖ
481 411 537 495 τής
559 413 696 489 διώξεως
718 405 763 491 μή
789 401 1018 488 διανοούμενοι,
1039 399 1099 485 τήν
1122 406 1193 464 τοῖν
1211 392 1374 476 Ῥωμαίου

263 519 321 594 μήν
350 512 514 598 ύπόφορον
548 501 692 592 adreci*
721 505 897 590 μηλόβοτον
917 504 1145 588 πεποιήκασιν,
1166 499 1216 574 ὦς
1238 497 1297 562 διό
1322 499 1375 561 τόν

263 612 424 696 ἡμετέρων
446 611 673 696 ύστερημάτων
693 611 961 692 α’ναπληρούσθαι
980 601 1018 668 τύ
1043 600 1173 667 ἐκείνινον
1195 601 1373 681 θελήματα

359 713 456 777 Ἀλλύ
479 715 573 777 τούτο
594 717 652 789 μὲν
675 705 797 784 ούτως·
850 702 1036 771 ἐπανελθών
1055 705 1086 766 δ’
1108 702 1126 766 δ
1148 699 1318 785 βασιλεύς
1337 699 1375 772 εἰς
1398 738 1399 805 l

262 811 319 877 τόν
340 813 469 898 χάρακα
485 812 564 892 μετό
579 810 636 894 τήν
657 811 719 874 τῶν
730 812 858 891 ἐχθράν
872 803 1078 889 ἐποσύβησιν,
1098 800 1184 886 ἔγνω
1197 798 1260 886 τήν
1279 799 1399 882 duel-⁵³

261 920 352 978 πολιν
390 915 446 995 τῆς
472 907 676 993 Ἱεραπόλεως
709 911 861 974 ε’νοικίσαι
899 909 954 970 καί
984 902 1163 988 στρατηγόν
1205 905 1375 981 α’ποδεῖξαι

262 1016 404 1099 ταύτης,
436 1017 487 1099 ἐφ’
512 1005 537 1102 ᾦ
558 1011 635 1076 κατά
665 1012 782 1094 μικρὸν
803 1012 860 1074 καί
878 1005 934 1090 τήν
967 1001 1066 1090 άλλην
1091 1003 1189 1071 πόλιν
1201 1005 1375 1088 Ῥωμαίων
1399 1010 1400 1095 l

261 1118 411 1198 γενέσθαι
435 1112 490 1178 καί
510 1115 683 1196 Ἀρμενίων
702 1109 946 1194 κατοικητήριον.
991 1108 1047 1171 καί
1069 1104 1120 1170 διό
1143 1108 1246 1171 τούτο
1265 1107 1375 1190 χρονί-

263 1240 323 1289 σας
347 1217 464 1295 ἐκεῖσε,
486 1217 541 1278 καί
570 1211 729 1298 φρουράν,
753 1205 812 1295 όση
836 1236 885 1285 τις
906 1208 1010 1274 ἐδόκει
1031 1207 1111 1293 πρός
1132 1207 1293 1295 φυλακήν
1317 1207 1374 1272 αύ-

262 1312 400 1400 τάρκης,
437 1318 491 1380 καί
513 1313 689 1399 στρατηγόν
722 1309 896 1397 ἐπιστήσας
918 1308 1152 1404 Φαρασμάτιον
1174 1312 1304 1376 ἐκεῖνον
1323 1304 1402 1392 pli-ll

263 1441 341 1498 στην
374 1411 428 1479 τόν
449 1413 649 1499 Ἀποκάπην,
671 1408 898 1497 ἐξἈρμενιλον
922 1409 956 1474 τό
977 1411 1066 1492 γένος
1085 1411 1243 1491 ἕλκοντα,
1266 1415 1372 1497 χώραν

263 1517 379 1579 δέδωκε
400 1523 467 1590 τοῖς
491 1518 640 1591 ἐναντίοις
661 1511 926 1578 άνακαλέοασθαί
943 1535 976 1576 τε
1005 1510 1062 1595 τήν
1088 1502 1185 1594 ἧτταν
1205 1511 1271 1576 καί
1291 1515 1373 1576 α’ντί-

234 1625 237 1631 “
261 1619 348 1677 παλα
364 1618 535 1698 φέρεσθαι.
581 1615 637 1678 καί
656 1617 716 1691 ἓως
735 1617 794 1694 μὲν
815 1614 1144 1695 ἐστρατοπεδευμένος
1165 1607 1182 1674 ό
1205 1617 1279 1676 τῶν
1296 1608 1373 1678 Ῥω-

260 1715 364 1794 μαίων
399 1712 536 1798 στρατός
563 1717 774 1797 ἐνεδείκνυτο,
810 1712 889 1779 κατά
919 1713 1031 1797 χώραν
1053 1711 1187 1777 ἐδόκουν
1206 1718 1328 1793 μένειν
1348 1710 1373 1775 nt

253 1806 409 1898 Ἄραβες·
452 1816 495 1891 οἱς
524 1819 552 1880 δ’
575 1816 778 1899 ἀναστρέψας
797 1817 854 1900 τήν
873 1813 1030 1897 στρατιάν
1060 1809 1162 1887 εύθύς
1185 1816 1250 1877 τού
1271 1812 1401 1900 φρει-15

263 1915 334 1998 ρίου
355 1921 412 1981 τού
433 1917 528 1997 Ἀζάς
549 1911 703 2002 ήλαυνεν,
738 1911 872 2001 ήρξαντο
900 1915 1064 1999 σποράδην
1094 1917 1129 1978 εἰι
1149 1916 1373 1997 διαστήματος

259 2014 341 2080 κατόι
363 2016 397 2079 τό
422 2019 602 2099 εἰθισμένον
623 2019 732 2092 αύτοϊς
756 2019 997 2102 ἐπιφαίνεσθαι,
1019 2019 1075 2079 καί
1093 2014 1169 2098 περὶ
1185 2013 1250 2098 τήν
1272 2016 1371 2101 ούρα-

258 2119 331 2199 νίαν
353 2117 503 2194 πολλάκις
532 2121 762 2197 ἐπιτιθέμενοι,
790 2113 814 2200 ή
842 2116 896 2181 καί
914 2115 991 2191 τούς
1020 2114 1059 2181 τό
1083 2121 1168 2181 σιτία
1189 2119 1371 2198 μετακομί-

261 2218 387 2298 ζοντας,
406 2217 542 2284 ἐλύπουν
562 2219 636 2295 τούς
654 2219 839 2300 Ῥωμαίους,
861 2214 905 2294 ούς
926 2211 966 2280 όν
987 2219 1210 2301 ἐξέπιδρομής
1233 2219 1295 2281 καί
1317 2216 1371 2280 λύ·

258 2340 320 2401 χου
342 2319 401 2395 τὰς
422 2321 582 2395 ἐπιθέσεις
603 2323 636 2385 ἐν
665 2323 709 2405 τῷ
731 2314 879 2404 λεληθότι
906 2317 1101 2400 ποιούμενοι.
1145 2312 1236 2400 ὅμως
1259 2319 1292 2383 δ’
1314 2307 1404 2383 adoll

257 2406 541 2505 καταφραξύμενος
579 2416 740 2504 ἑκηβόλοις
775 2424 830 2487 καί
858 2428 1047 2496 πελτασταῖς
1081 2415 1098 2483 ό
1133 2418 1294 2502 βασιλεύς
1339 2420 1372 2485 τό

257 2507 496 2601 στρατόπεδον,
531 2514 614 2586 ούτω
636 2525 913 2606 τεθωρακισμένον
940 2519 1020 2585 αύτύ
1045 2521 1133 2605 διῆγε
1151 2519 1207 2585 καὶ
1223 2520 1285 2598 τάς
1306 2526 1373 2587 τοῖιν

232 2621 386 2704 ,ἐχθράν
407 2624 589 2706 προσβολάς
608 2620 729 2711 ῥηιδίως
753 2620 1019 2705 α’ποκρουύμενον,
1040 2622 1100 2698 ἓως
1115 2618 1149 2686 ἐν
1167 2626 1211 2709 τῷ
1232 2624 1373 2712 φανερή

257 2725 314 2787 καί
339 2714 430 2811 μάχη
459 2722 589 2806 νικήσας
623 2716 722 2801 αύθις
743 2721 833 2800 ’τούς
863 2726 1025 2799 ἐναντιους
1051 2726 1094 2811 τῷ
1126 2725 1274 2813 φρουρίω
1310 2727 1372 2792 τού

246 2908 249 2915 ·
332 2889 375 2945 17.
394 2889 512 2966 ούραίαν
531 2893 561 2949 0.

259 3056 420 3109 Graecorum
438 3064 537 3110 terrum
555 3058 717 3127 vectigalem
735 3057 786 3111 eibi
805 3064 851 3110 ant
869 3058 959 3111 orium
977 3065 1080 3125 paetum
1105 3058 1248 3124 iecerunt,
1267 3059 1308 3111 ita
1337 3067 1367 3111 nt

246 3128 358 3206 'nontrie
377 3131 495 3195 peccatis
515 3130 679 3198 compleatur
696 3130 805 3182 illorum
823 3128 960 3182 uoluntas.

355 3212 408 3268 Sed
422 3216 473 3268 hoc
487 3218 593 3295 pnidem
612 3218 675 3269 tale.
695 3233 821 3270 reverens
840 3224 927 3268 autem
945 3234 994 3269 rex
1006 3218 1040 3269 ud
1058 3217 1158 3270 vallum
1173 3217 1297 3270 hostibus
1318 3219 1363 3269 in.

255 3287 341 3351 getis,
368 3289 460 3339 statuit
488 3291 543 3339 arei
572 3287 725 3355 Hierapolis
755 3289 876 3348 hominen
905 3289 1044 3355 imponere
1064 3298 1090 3341 et
1109 3289 1202 3341 ducem
1221 3289 1363 3343 declarare

254 3356 351 3420 huius,
377 3365 407 3408 nt
430 3358 509 3411 brevi
538 3360 615 3408 etium
646 3360 732 3411 alteru
753 3360 831 3410 lieret
849 3360 1010 3412 Graecorum
1033 3361 1095 3412 urhe
1124 3368 1151 3412 et
1172 3361 1363 3414 Armeniorum

255 3430 351 3480 seder:
373 3435 400 3479 et
416 3436 559 3495 propterea
577 3444 688 3482 versane
708 3430 746 3480 ibi
765 3437 792 3479 et
818 3432 987 3497 praesidium,
1014 3440 1138 3500 quantum
1167 3431 1311 3484 videbatur
1330 3434 1363 3484 ad

238 3499 403 3550 ‘custodiam
421 3499 559 3551 sufficiens
579 3507 605 3549 et
627 3500 721 3552 ducem
739 3501 898 3567 pracdciena
926 3502 1131 3557 Pharasmatium
1158 3502 1236 3555 illum
1254 3507 1360 3557 veetia-

253 3570 321 3621 rium
339 3570 486 3637 Apocupen
510 3569 542 3621 ub
560 3570 693 3622 Armeniis
712 3586 798 3637 genua
823 3573 971 3638 dueentem,
991 3575 1079 3626 locum
1099 3577 1174 3629 dedit
1191 3574 1316 3628 boatium
1334 3583 1363 3626 ut

254 3640 423 3709 corrigerent
441 3640 543 3692 cladem
562 3649 590 3691 et
609 3656 687 3708 peres
707 3642 862 3695 evenirent:
882 3653 962 3714 atque
975 3647 1061 3697 donec
1080 3648 1108 3698 in
1128 3648 1222 3700 caetris
1237 3649 1361 3700 Graeco.

254 3724 311 3760 rum
326 3713 464 3762 exercitus
490 3719 632 3779 appareret
660 3714 686 3763 in
715 3713 777 3765 loco
803 3730 943 3769 remanere
971 3717 1130 3771 ridebantur
1154 3719 1274 3772 Arabes:
1300 3734 1360 3769 cnm

254 3787 343 3832 entem
362 3782 501 3833 retrahens
522 3784 667 3835 exercitum
686 3786 718 3837 ud
744 3785 883 3838 cantellum
910 3789 986 3841 Auen
1010 3789 1228 3855 proficisceretur
1256 3803 1360 3857 coepe-

253 3858 315 3901 runt
328 3846 445 3918 'sparsim
465 3869 499 3904 ex
516 3855 661 3907 intervallo
679 3872 754 3908 more
772 3872 821 3908 ano
840 3873 980 3928 apparere,
1001 3867 1027 3910 et
1044 3860 1153 3913 nltimoe
1164 3876 1247 3929 saepe
1256 3876 1359 3930 aggre-

254 3919 374 3986 dientes,
393 3931 440 3974 aut
460 3925 537 3976 ctiam
558 3942 604 3979 eoo
624 3929 669 3996 qui
690 3929 853 3995 frumentum,
868 3930 1052 3998 apportabant,
1072 3932 1207 3984 vexabant
1230 3933 1358 3996 Graecos,

253 3997 283 4075 nt
301 3995 459 4047 occursione
480 4005 507 4049 et
525 3998 628 4053 insidiis
647 4001 762 4069 impetus
782 4016 816 4053 ex
844 4001 951 4054 occulto
978 4003 1117 4055 facientes.
1164 4012 1253 4056 tamen
1276 4005 1359 4071 igitur

253 4078 364 4131 crngeue
385 4081 434 4134 per
452 4068 613 4124 iaculatores
633 4079 660 4123 et
684 4080 799 4125 cetrutoe
817 4088 867 4124 rex
892 4074 1048 4141 exercitum,
1076 4076 1114 4127 ita
1142 4075 1273 4128 firmatum
1298 4090 1359 4126 eum

251 4136 416 4207 perducebat
435 4147 462 4194 et
480 4138 595 4195 hortium
613 4144 727 4211 impetur
747 4145 829 4196 facile
845 4143 1033 4212 repellentem,
1052 4147 1139 4200 donec
1157 4148 1185 4200 in
1211 4154 1307 4216 aperto
1333 4154 1374 4224 et·
