2834 4750
199 215 204 225 ’
244 259 320 346 ata
549 273 770 348 urceum
786 272 1060 348 arrsuomr

243 451 446 531 Βλαχέρναις
467 447 627 535 οἷνάττσρα
652 449 839 534 περιέλαβε,
861 457 906 539 πῇ
938 450 1053 536 δέτὴν
1073 445 1173 535 άλλην
1195 441 1355 532 ἀρκτικὴν

243 543 450 634 έπιφόνειαν,
473 551 529 615 καί
548 549 733 635 περιεσώθη
756 558 854 634 μέχρι
880 556 1012 634 πολλοῦ,
1040 554 1138 617 πᾶσιν
1159 543 1355 632 ἀναφανδόν

145 689 152 698 ·
244 648 551 734 έπενηρυκευόμενον
575 654 756 734 παρουσίαν
776 654 885 736 ἕντῆς
907 649 989 728 ἓώας
1008 653 1150 736 μεγάλης
1168 643 1354 727 δυνάμεως·

241 743 275 810 τό
305 750 336 810 δ’
375 749 693 835 ε’πιοτημονικώτεροι
722 755 788 816 τών
810 756 996 836 θεωμένων,
1018 753 1073 817 sol
1091 751 1301 832 συμβολινώς
1320 740 1355 809 τό

241 848 317 912 δέον
335 850 610 934 ἐπιγινώσκοντες,
642 850 705 916 άπό
728 854 855 937 λάμπης
876 857 1049 939 λαμπτῆρα
1080 850 1257 939 φωσφόρον
1279 850 1379 912 ἔπι-5

188 945 190 950 ’
243 952 386 1036 δημῆσαι
408 959 473 1026 τοῖς
495 955 670 1033 βασιλείοις
689 952 935 1038 προεσήμαινον,
957 949 1041 1018 ώστε
1060 951 1261 1037 χρηματίσαι
1286 953 1356 1022 τοός

242 1052 303 1133 μέν
325 1051 460 1132 άγαθοές
478 1049 535 1116 κατ’
555 1050 594 1118 τά
617 1037 700 1136 άπερ
718 1053 821 1116 celred
834 1055 991 1137 φρονοῦσι
1013 1055 1086 1138 φώς
1107 1050 1166 1116 sas*
1181 1049 1355 1136 liuppoldus

242 1151 298 1214 ταὶ
316 1149 425 1234 χαράν
448 1144 665 1235 άνεκλάλητον,
685 1159 752 1224 τοϊς
774 1154 811 1215 δὲ
832 1153 1017 1216 κατἀότοό
1037 1155 1192 1248 μελετώσι
1215 1152 1272 1214 κατ’
1294 1149 1354 1212 άν-

240 1255 470 1331 τιταττομένοις
491 1250 580 1337 αότῷ
605 1246 710 1336 φλόγα
732 1254 778 1340 τῷ
798 1246 865 1316 όντι
885 1248 987 1337 πυρός
1009 1255 1253 1338 νατατήκουσαν
1275 1249 1355 1314 τοό-
1381 1307 1384 1312 ,

241 1371 316 1426 τους
344 1354 399 1434 κατ’
431 1355 677 1416 ταεαααέουσαν.
730 1353 791 1416 κατ’
802 1376 839 1436 γε
873 1357 930 1437 τῆς
951 1355 1145 1437 συμβολικῆς
1162 1351 1392 1437 πορρήσεωςιθ

219 1441 284 1514 ὀυ’
305 1451 497 1535 διήμαρτον·
541 1453 677 1534 δηλώσει
699 1455 737 1515 δὲ
758 1450 881 1538 προϊών
906 1453 923 1518 ό
945 1453 1046 1536 λόγος.

246 1597 250 1608 ,
335 1553 410 1614 ,Τοῦ
433 1553 468 1614 δὲ
491 1551 669 1633 άντωβρέου
690 1553 791 1638 μηνός
812 1550 1070 1638 παρεληλυθότος
1090 1551 1293 1638 duodenum}
1308 1577 1356 1628 τις

210 1667 217 1674 ’
242 1650 390 1717 κακόνοια
413 1652 469 1733 τὴν
490 1647 628 1734 ἑσπέραν
651 1653 820 1737 αι’φνιδέως
839 1651 1070 1737 περιεδόνησεν.
1113 1657 1159 1728 εἷς
1178 1650 1247 1736 γάρ
1266 1653 1357 1718 Ἐπέ-

242 1753 383 1832 supro,
416 1749 453 1815 τό
476 1753 533 1815 νόν
556 1757 743 1835 κεκλημένον
771 1753 984 1836 Δυρράχιον,
1017 1750 1076 1836 τήν
1097 1753 1249 1836 άουκιαὴν
1272 1752 1383 1836 ἔχων·

243 1851 350 1937 ἀρχὴν
372 1853 559 1938 Νικηφόρος
587 1854 743 1940 πρόεδρος
770 1849 787 1916 ό
809 1857 1001 1938 Βρυέννιος,
1022 1857 1078 1917 καί
1099 1853 1225 1937 ταύτης
1243 1879 1355 1938 παρα
1364 1863 1393 1915 15

185 1992 188 1997 -
243 1953 376 2034 λυθείς,
398 1957 555 2036 βασιλέως
584 1949 688 2041 ἑαυτῷ
717 1959 908 2038 περιέθηκεν
938 1949 1058 2037 ὄνομα,
1086 1960 1142 2022 κατ’
1161 1967 1228 2032 τοῖς
1252 1960 1356 2022 ἐκεῖσε

240 2052 453 2140 προσιόντος
476 2058 532 2118 καί
552 2056 683 2129 σ’πσδσῖς
697 2055 753 2131 κατ’
774 2052 1026 2139 συστρατιώταις
1046 2056 1249 2143 χρησάμενος
1273 2053 1357 2136 ἔξει-

243 2176 297 2216 σιν
321 2151 445 2217 έκεϊθεν
463 2154 544 2238 πρός
560 2154 835 2240 Ἀδριανοάπολιν.
881 2154 898 2217 ό
921 2154 1036 2221 τούτου
1052 2154 1270 2243 ου’τάδελφος,
1291 2161 1357 2223 'Ias-

242 2251 338 2334 άννης
367 2252 617 2336 ὀνομαζόμενος,
638 2256 728 2332 τινάς
756 2258 820 2320 τών
850 2253 1005 2340 έσπεριόον
1035 2259 1204 2339 δυνάμεων
1227 2261 1275 2333 εἷς
1295 2257 1356 2342 τήν

243 2351 329 2419 ἰδέαν
358 2351 530 2437 ἐπιβουλὴν
561 2355 775 2440 καταρτίσας,
803 2359 879 2440 μεθ’
910 2346 955 2422 τόν
981 2350 1065 2441 ἦσαν
1087 2356 1271 2443 Βαράγγων
1300 2362 1392 2424 sotto

242 2451 405 2539 ’Φράγγων
425 2456 533 2541 πλήθη
552 2453 664 2538 πολλά,
688 2460 733 2544 τῷ
753 2458 948 2547 αυέοδὲλφφ
961 2461 1141 2525 συνθέσθαι
1162 2462 1353 2544 παρέπαισε,

242 2553 304 2621 σόν
327 2556 436 2632 αδτοῖς
459 2559 495 2621 δὲ
514 2559 568 2621 καί
587 2556 642 2621 τόν
664 2557 828 2624 κατελάνω
851 2562 905 2644 τῆς
927 2552 1027 2644 αότῆς
1046 2557 1177 2646 πόλεως,
1196 2564 1354 2645 συγγενέα

322 2731 349 2783 5,
368 2735 496 2805 γαπςῆρα
514 2733 544 2787 c.
618 2732 660 2785 18.
680 2732 849 2804 d1l'road‘i
948 2801 950 2804 ¹
1022 2692 1033 2760 l

224 2886 333 2932 ,autem
366 2879 548 2947 angustiarum
577 2878 673 2932 fretum
699 2889 882 2951 transgressus
914 2881 958 2933 bic
989 2882 1197 2936 blachernarum
1222 2883 1356 2952 templum

244 2950 390 3018 ouripait,
409 2950 469 3002 illie
494 2950 625 3019 reliquam
640 2952 778 3005 borealem
795 2954 964 3021 superficiem
996 2963 1025 3006 et
1050 2963 1224 3009 conservatus
1245 2964 1290 3009 est
1307 2957 1356 3009 diu

243 3024 369 3077 omnibus
388 3022 462 3075 clare
480 3024 604 3076 nuntians
622 3024 765 3078 adrentum
784 3040 818 3075 ex
835 3027 941 3077 oriente
958 3027 1047 3093 magni
1071 3028 1214 3080 exercitas.
1234 3028 1283 3095 qni
1302 3044 1356 3079 nc-

243 3098 363 3149 onratius
382 3094 580 3163 intelligebant,
600 3110 668 3163 quae
687 3097 820 3160 siderant,
850 3104 878 3147 et
896 3112 931 3148 ex
947 3098 1025 3166 signo
1044 3099 1227 3151 necessariam
1245 3114 1355 3167 cogno.

243 3168 365 3230 ruebam,
387 3182 422 3217 ex
439 3166 565 3233 squalore
594 3166 679 3217 lacem
709 3167 844 3219 lucentem
868 3168 901 3218 iux
924 3171 1026 3235 regiam
1051 3170 1224 3222 adventuram
1243 3170 1355 3221 divina.

244 3238 318 3303 bant,
335 3246 366 3289 ut
382 3238 461 3288 fieret
479 3237 557 3289 bonis
577 3239 655 3290 etde
675 3252 708 3289 eo
728 3238 907 3308 cogitantibus
928 3238 975 3291 lux
994 3249 1021 3291 et
1038 3240 1160 3293 hilaritas
1180 3248 1208 3291 et
1226 3243 1354 3310 gaudium

243 3308 440 3372 inenarrabile,
462 3308 496 3360 iis
515 3316 612 3373 autem,
633 3311 678 3376 qui
705 3318 798 3362 contra
818 3326 877 3361 eum
895 3311 1086 3363 meditarentur
1105 3319 1133 3363 et
1150 3322 1354 3379 opponerentur

246 3380 611 3447 ei,fla1umaroreraiguis
636 3379 816 3449 liquefaciens
847 3380 895 3432 hos
916 3390 942 3431 et
968 3382 1144 3452 conflagrans.
1182 3391 1265 3452 αλονε
1285 3400 1353 3451 pro.

243 3452 316 3507 fecto
343 3452 371 3503 in
390 3448 539 3529 symbolica
557 3452 742 3517 praedictione
763 3467 819 3503 non
838 3462 977 3505 errarunt:
1007 3456 1078 3523 quod
1096 3453 1244 3507 declarabit
1263 3458 1351 3508 oratio

242 3524 404 3590 procedens.

344 3610 410 3664 Gum
430 3616 518 3660 autem
530 3608 647 3661 October
657 3610 756 3663 mensis
774 3612 970 3677 praeteriisset,
989 3614 1129 3665 seditionis
1150 3615 1278 3682 quaedam
1297 3615 1351 3665 im-

244 3682 386 3749 prudentia
411 3681 579 3732 occidentem
605 3690 718 3747 repente
738 3683 882 3734 concussit.
930 3677 1069 3750 Epidamr'ri
1089 3686 1169 3749 enim,
1189 3687 1260 3753 quod
1277 3700 1350 3736 nnnc

244 3762 358 3805 necatur
370 3752 575 3819 Dyrrhachium,
595 3753 670 3804 ducis
688 3753 828 3818 imperium
847 3753 948 3805 babens
963 3754 1131 3823 Nicephoras
1149 3772 1260 3824 praeses
1278 3757 1352 3822 Bry-

246 3826 341 3877 ennius
359 3831 440 3893 atque
459 3824 512 3876 boc
529 3824 648 3888 solutus,
674 3826 747 3893 regis
765 3825 816 3876 sibi
835 3826 962 3892 imposuit
979 3841 1086 3891 nomen,
1113 3836 1140 3879 et
1156 3829 1194 3880 ibi
1213 3830 1352 3880 versanti.

248 3892 298 3947 bus
316 3895 445 3949 militibus
467 3904 494 3947 et
513 3894 654 3952 comitibus
674 3903 701 3945 et
718 3897 800 3948 sociis
820 3913 883 3949 usus
903 3897 1040 3965 egreditar
1059 3893 1121 3951 i'nde
1138 3899 1350 3965 Adrianopolinr

247 3964 328 4017 buius
346 3966 437 4033 irater,
457 3967 571 4019 loannes
600 3968 696 4030 dictus,
717 3967 899 4019 occidentales
919 3970 1046 4036 quosdam
1070 3972 1205 4023 exercitus
1223 3972 1256 4021 ad
1273 3986 1351 4022 suum

246 4034 389 4087 eonsilium
408 4039 552 4104 instruens,
580 4038 650 4089 inter
673 4054 740 4105 quos
770 4048 845 4091 erant
862 4039 1044 4107 Barnngornm
1071 4049 1099 4094 et
1116 4041 1281 4111 Frangormn
1299 4056 1350 4092 co-

247 4106 309 4173 piae
327 4106 491 4173 permultae,
509 4112 558 4175 iis,
577 4118 606 4161 ut
633 4110 708 4164 fratri
729 4113 898 4177 accederent,
917 4114 1061 4178 persuasit,
1083 4128 1197 4181 cumque
1214 4115 1249 4167 iis
1269 4114 1350 4164 etiam

246 4175 385 4247 praelecto
413 4178 530 4233 eiusdem
555 4181 645 4245 urbis,
671 4183 718 4249 qni
746 4190 876 4249 cogamus
899 4183 978 4238 buius
994 4192 1024 4237 'ct
1048 4184 1206 4241 coauibulis
1231 4193 1303 4239 erate
1322 4190 1351 4236 ct
