2834 4750
518 281 737 350 mmmm·
909 354 913 358 ,
1100 295 1103 302 “
1119 276 1168 349 99

35 445 227 529 Ῥωμαίων
247 449 343 536 α’ρχῇ.
387 452 458 515 ἐπεί
478 452 513 515 δέ
534 455 590 517 καί
613 451 629 515 ὅ
648 451 768 528 σκοπὸς
789 455 846 517 τού
859 451 975 537 α’νδρὸς
990 452 1028 516 ού
1049 461 1171 539 φιλαυ-

46 553 137 624 τίας
158 535 235 612 diat
272 551 488 637 φιλαδελφίας
517 552 572 616 καί
603 557 825 638 φιλευσεβείας
848 549 918 629 ὅλος
939 545 986 637 ἦν,
1011 554 1055 629 ώς
1075 557 1173 639 προέ-

51 672 189 734 φαμεν,
213 654 458 733 περιαλγούντος
478 655 534 735 τῆς
550 655 611 717 τών
634 653 817 736 ύρθοδύξων
828 655 1053 735 κακοπαθείας,
1077 656 1171 740 ἐνηρ-

46 745 150 832 γήθη
173 745 285 813 λοιπύν
313 759 376 826 τδίς
399 751 584 835 εὐχομένοις
605 750 645 816 τύ
668 755 724 836 τῆς
750 749 857 838 εύχής,
877 752 932 818 καί
950 753 1171 838 παραστάντος

10 849 170 920 5οιύτού
191 853 234 937 τῷ
255 846 410 940 βαύιλικηῖ
430 851 553 936 βήματι
568 858 737 939 περιέσχεν
761 852 848 931 ἔλεος
870 849 1004 938 ἄσχετον
1025 853 1083 937 τήν
1096 856 1172 919 Αύ-

47 952 220 1032 γούσταν,
251 956 306 1015 καί
326 952 502 1036 σταλαγμοί
520 957 668 1038 δακρύων
696 956 759 1018 τών
774 953 947 1041 βλεφάρων
968 951 1082 1038 ταύτης
1103 957 1172 1030 ἐξέ-

48 1071 185 1125 πεσον·
235 1041 274 1133 ήν
294 1049 355 1137 γύρ
377 1047 391 1114 δ
418 1051 497 1137 α’νήρ
529 1055 569 1117 ού
586 1054 768 1135 μύνοντοίς
794 1046 902 1130 ἄλλοις
923 1051 1172 1137 πλεονεκτήμασι

50 1148 240 1235 προτερών,
263 1148 342 1215 etad
365 1156 419 1216 καί
439 1157 600 1236 θεαθῆναι
622 1149 832 1220 παντάπασιν
843 1150 993 1238 ήδιστος,
1016 1153 1170 1238 ἐπιμήκης
1240 1236 1241 1243 ¹

49 1273 97 1314 τε
124 1242 179 1313 καί
196 1252 333 1335 στέρνων
355 1255 410 1316 καί
430 1250 534 1319 νώτων
553 1257 586 1319 ἐν
610 1259 695 1342 καλῷ
716 1253 953 1340 καθορώμενος,
974 1260 1029 1321 καί
1047 1258 1171 1338 εύγενές

1 1361 93 1415 [Οτι
121 1355 222 1416 πνέων
245 1350 287 1430 aig
310 1347 439 1437 οἷληθώς
460 1355 514 1420 καί
535 1358 689 1440 διογενές,
718 1353 929 1442 εύύφθαλμύς
950 1380 992 1420 τε
1015 1355 1102 1439 εἴπερ
1121 1379 1171 1430 τις

51 1446 177 1534 ἄλλος,
199 1457 253 1518 καί
279 1455 393 1528 κάλλος
414 1456 613 1540 ἀποστίλβων
642 1465 708 1532 τοϊς
730 1459 923 1543 ὀφθαλμοῖς,
943 1458 1020 1540 μήτ’
1041 1457 1171 1540 ύκριβές

52 1554 96 1618 τύ
129 1552 239 1618 λευκύν
271 1554 354 1638 μήτε
386 1555 421 1620 τύ
453 1562 555 1637 μέλαν
586 1556 761 1636 ἀποσώζειν
792 1541 943 1634 ώσαύτως
968 1560 1035 1622 ἀλλ’
1063 1555 1169 1640 ώσπερ

52 1661 377 1738 συγκεκερασμένον.
401 1705 408 1719 .
431 1704 439 1721 .
461 1659 498 1744 τῇ
522 1660 712 1746 δημιουργίᾳ
741 1662 780 1745 τῇ
801 1657 899 1743 φύσει
920 1659 976 1724 καί
994 1683 1171 1745 συγκεκρα-

54 1759 161 1836 μένον
183 1759 227 1844 τῷ
249 1755 442 1841 ἐρυθήματι,
462 1761 520 1823 κύν
539 1755 664 1833 τούτοις
684 1753 784 1823 ύπασι
806 1761 865 1843 τήν
879 1759 1057 1844 γλυκύτητα
1077 1784 1171 1842 περι-

1 1871 42 1922 15
54 1860 205 1920 θέουσαν
229 1854 322 1939 ἐχων,
342 1862 397 1930 καί
417 1850 505 1938 δι’ξιον
526 1854 610 1934 εἶδος
633 1859 711 1924 κατυὶ
742 1856 796 1922 τύν
824 1858 962 1941 κωμικύν
983 1864 1171 1942 τυραννίδος

56 1955 334 2039 ἐπιδεικνύμενος·
385 1955 428 2034 ώς
451 1952 508 2024 σύν
529 1963 583 2022 καί
614 1958 633 2042 ή
656 1953 782 2024 ἑστῶσα
805 1963 957 2043 γερουσία
978 1964 1168 2041 συνέπαθεν,

57 2053 169 2130 εύθύς
190 2056 443 2144 ἐπηκολούθησεν
471 2061 490 2142 ἦ
513 2061 709 2145 συμπάθεια,
740 2063 794 2123 καί
813 2062 1005 2143 περισωθείς
1025 2065 1084 2124 τού
1101 2087 1171 2127 κιν-
1228 2065 1231 2068 ⁴

59 2154 165 2221 δύνου
193 2162 248 2223 καί
272 2163 444 2240 βασιλικῶν
477 2157 635 2238 α’ξιώσεων
662 2157 774 2244 ἔτυχε,
803 2159 858 2224 καί
884 2164 1061 2238 α’πολυθείς
1081 2164 1170 2248 παρὰ

59 2254 192 2324 πάντων
213 2257 374 2342 η’σπύζετύ
397 2285 429 2325 τε
453 2260 509 2326 καί
526 2262 700 2346 εύφημεῖτο
721 2261 776 2325 καί
789 2259 880 2345 ἔργον
902 2262 999 2347 εύχής
1019 2268 1170 2345 γενέσθαι
1220 2327 1224 2334 ,

7 2376 49 2429 20
60 2360 256 2445 κατήκουσε,
291 2365 349 2438 καί1
367 2362 424 2445 τήν
447 2365 548 2428 αύτού
569 2361 729 2447 σωτηρίαν
761 2363 848 2428 ι’δίαν
869 2361 1011 2444 ἐνόμιζεν
1033 2362 1170 2440 ἕκαστος.

60 2459 160 2540 ἐξιών
187 2454 242 2531 σύν
263 2466 307 2539 εἰς
332 2467 578 2549 Καππαδοκῶν,
614 2466 648 2540 ἐξ
676 2456 714 2547 ἧς
739 2462 797 2548 τήν
823 2459 927 2549 ύρχήν
948 2466 1002 2548 τής
1022 2472 1171 2548 γενέσεως

61 2560 201 2648 ἔσχηκε,
213 2562 309 2629 πύλιν
321 2569 564 2651 μεταπεμφθείς
577 2566 622 2639 είς
635 2564 692 2649 τήν
713 2566 950 2647 βασιλεύουσαν
973 2569 1169 2651 εἰσελήλυθε,

63 2665 127 2729 κα’ν
146 2672 212 2740 τοίς
231 2670 403 2761 γενεθλίοις
422 2669 481 2730 τού
506 2668 653 2748 Χριστού
672 2663 848 2751 μύγιστρος
872 2671 927 2733 καί
948 2660 1168 2753 στρατηλύτης

142 2852 166 2905 1.
186 2853 289 2925 μέλλον
308 2850 345 2906 (λε
365 2853 483 2904 correxit
499 2851 642 2907 Brunetus.

67 3026 116 3078 sed
135 3024 246 3077 fratrum
266 3028 361 3077 amoris
382 3034 408 3077 et
426 3027 533 3092 pietatis
552 3026 662 3093 plenum
682 3032 755 3077 esset
772 3032 801 3075 ut
820 3033 898 3076 antea
917 3024 1039 3086 diximus,
1059 3024 1168 3077 dolente

66 3096 149 3149 valde
171 3098 377 3149 orthodoxorum
402 3092 731 3165 aegritudine‚'eiiectnm
750 3097 802 3147 iarn
823 3104 864 3147 est
883 3095 1054 3162 precantibus
1077 3103 1168 3145 votum
1225 3160 1231 3169 ι
1253 3138 1258 3148 ,

68 3178 97 3221 et
122 3169 241 3220 adstante
270 3184 301 3219 ee
330 3170 405 3236 regio
433 3171 590 3237 suggestui,
618 3168 758 3234 superavit
782 3168 966 3219 misericordia
990 3165 1168 3217 irresistibilis

69 3247 226 3305 augustam,
247 3247 273 3290 et
292 3238 457 3291 lacrimarum
477 3239 601 3293 humores
622 3255 655 3290 ex
674 3238 760 3290 oculis
779 3238 925 3289 cadebant:
956 3244 1013 3288 erat
1038 3238 1107 3287 euim
1125 3238 1169 3287 vir

67 3326 124 3363 non
143 3311 229 3363 salum
249 3313 346 3363 ceteris
366 3312 508 3363 virtutibus
528 3312 709 3377 superiorsed
727 3312 804 3361 etiam
823 3310 856 3360 ad
875 3310 1046 3375 spectandum
1061 3309 1167 3359 omnino

68 3384 259 3446 suavissimus,
287 3382 384 3450 longus
405 3391 431 3433 et
449 3391 560 3449 pectore
580 3390 607 3433 et
623 3390 706 3450 tergo.
720 3381 832 3449 pulchre
860 3384 1006 3447 apparens,
1033 3388 1059 3430 et
1076 3379 1169 3431 nobile

69 3454 132 3521 quid
159 3455 262 3520 spirans
290 3470 385 3505 revera
417 3461 443 3503 et
462 3455 594 3506 divinum:
620 3462 647 3505 et
663 3454 777 3521 pulcher
798 3453 885 3505 oculis
905 3454 927 3505 si
950 3454 1009 3521 quis
1034 3450 1122 3514 alins,
1143 3457 1169 3500 et

68 3524 292 3592 pulchritudinem
311 3524 454 3591 splendens
475 3525 575 3588 oculis,
595 3542 682 3593 neque
702 3534 826 3577 accurate
844 3524 933 3575 album
951 3538 1039 3590 neque
1062 3525 1168 3590 nigrum

69 3611 180 3649 servans
200 3597 293 3647 eodem
312 3596 399 3658 medo,
418 3595 464 3645 sed
487 3598 562 3663 quasi
582 3599 751 3649 cuniunctum
770 3598 884 3648 artificio
904 3612 918 3646 a
936 3602 1030 3646 natura
1051 3602 1077 3645 et
1097 3596 1167 3645 mix.

14 3662 22 3677 ⁸
69 3676 122 3720 tum
147 3666 238 3718 rubori
265 3676 291 3717 et
315 3668 342 3716 in
368 3666 408 3716 his
438 3668 558 3719 omnibus
591 3671 750 3720 suavitatem
781 3667 966 3719 circumdatam
992 3663 1111 3730 babens,
1141 3673 1167 3716 et

69 3740 176 3805 dignum
196 3752 291 3804 corpus
311 3736 454 3789 secundnm
475 3740 603 3790 comicum
623 3749 729 3805 poetam
748 3738 889 3803 tyrannide
917 3736 1068 3788 ostendens.
1109 3753 1166 3788 eum

70 3811 151 3876 igitur
171 3811 249 3860 etiarn
268 3811 374 3861 adstans
394 3817 501 3859 senatus
520 3810 718 3861 miserationem
744 3812 866 3871 sentiret,
895 3809 982 3859 statim
1007 3807 1098 3860 secuta
1127 3816 1168 3861 est

70 3882 251 3933 misericordia
271 3888 298 3931 et
315 3887 437 3932 servatus
463 3896 477 3929 e
503 3881 624 3944 periculo
651 3890 678 3932 et
705 3882 781 3946 regia
809 3894 917 3931 rnuuera
941 3879 1051 3946 adeptus
1077 3889 1118 3933 est
1141 3889 1168 3931 et

70 3951 197 4003 liberatus
217 3950 250 4003 ab
270 3952 390 4003 omnibus
410 3949 574 4003 salutabatur
593 3960 619 4001 et
637 3951 794 4017 laudabatur
811 3960 838 4001 et
848 3966 902 4001 rem
921 3952 979 4002 voti
998 3940 1093 4003 iiactam
1106 3966 1167 4004 esse

39 4026 43 4043 '
71 4024 171 4075 audivit
193 4030 221 4073 et
250 4025 306 4075 eius
334 4023 446 4076 salutem
474 4037 546 4073 suam
577 4024 690 4089 quisque
719 4022 835 4087 putabat.
880 4039 1003 4090 egressus
1028 4026 1110 4092 igitur
1133 4023 1167 4074 ad

72 4093 255 4161 Cappadocum
273 4101 379 4159 terram,
399 4111 432 4145 ex
451 4108 502 4159 qna
521 4094 624 4144 initium
643 4094 751 4161 generis
780 4094 887 4159 habuit,
912 4110 1003 4147 rursus
1021 4095 1166 4149 arcessitus

72 4164 103 4217 ad
126 4168 227 4235 regiam
257 4165 368 4219 advenit
393 4176 420 4217 et
444 4164 526 4216 natali
554 4164 597 4215 die
623 4164 721 4219 christi
739 4167 866 4235 magister
883 4174 910 4219 et
928 4168 981 4220 dux
999 4168 1165 4220 renuntiatus
