2834 4750
219 206 301 294 σοι
341 169 346 176 ’
521 209 742 282 mensuris
771 207 1029 282 srrluorsr

218 386 360 477 ἐχθρούς
380 385 575 470 ἐπαιρόντων
605 386 660 450 καλ
679 385 920 472 μεγαλυνόντων
951 387 995 462 εἰς
1016 377 1101 467 όψος
1120 386 1155 462 ἐξ
1175 383 1333 463 ύμελεόσς

218 490 274 555 καὶ
295 484 493 572 ὑστερήσεως
520 491 582 553 τῶν
616 487 883 569 ἀντιτεταγμένων
912 485 1040 567 αύτοῑς,
1070 481 1157 548 ναθό
1180 484 1334 567 προδιεί-

218 597 343 677 ληπται.
396 591 426 653 εἰ
457 591 494 653 δὲ
514 589 566 652 δεῖ
581 587 717 672 τόληθὲς
739 590 854 667 εἰπεῖν,
876 584 963 652 δι’ι
950 594 1065 672 ετόρων
1095 580 1254 666 καμάτων
1275 580 1333 645 κατ’

217 687 531 775 όντιπαρατόξεων
516 693 634 773 ετερων
644 713 701 775 την
718 689 918 771 βασιλειαν
900 715 916 754 ο
940 694 1140 775 παντδφορος
1156 685 1331 775 ὀφθαλμός

216 795 293 884 όξόιρ
313 794 432 876 ταύτης
454 788 723 876 ἐπραγματεύετο.
1338 799 1356 850 5

307 885 424 977 Εγωγε
444 883 500 956 οόν
522 893 556 954 όν
578 894 619 977 τῇ
636 890 810 980 Ῥαιδεστρῖ
829 898 1002 977 τηνικαῦτα
1022 889 1234 1012 παρατυχιόν,
1254 891 1328 954 ἔπε’-

216 1011 330 1078 σιιεψιν
354 996 453 1057 ἐκεῖσε
482 989 670 1073 καταλαβών
691 996 756 1057 τῶν
776 989 946 1076 κτημάτων
966 1017 1046 1078 μου,
1069 987 1135 1066 τός
1156 994 1218 1072 μὲν
1226 1003 1357 1082 γινο-

215 1101 315 1179 μένας
339 1093 462 1214 ρὴμιας
490 1093 569 1178 α’κοῇ
589 1094 893 1176 παρελόμβανόν,’
873 1097 1027 1177 ηπόστουν
1048 1095 1083 1158 δὲ
1104 1102 1171 1188 τοῖς
1194 1097 1330 1175 λεγομέ-

217 1221 283 1274 νοις
297 1247 307 1277 ,
339 1187 387 1259 ότι
412 1189 466 1258 διό
490 1196 614 1257 πολλῶν
642 1192 770 1276 ἦμεριόν
799 1193 1006 1279 ε’φημίζοντο,
1031 1191 1230 1275 συμβάλλων
1253 1198 1329 1258 καθ’
1397 1249 1401 1254 .

216 1292 329 1362 εαυτόν
351 1287 402 1359 ότι
414 1295 576 1378 ,ἕποι’,περ
602 1287 817 1412 ἧῬαιδεστός
845 1299 995 1360 τοσούτου
1026 1289 1139 1376 όπὲχει
1157 1290 1366 1412 διόστημα1λ

214 1399 271 1479 τῆς
292 1344 622 1486 Ἀδριαύουπόλεως“
603 1415 678 1458 οσον
695 1396 813 1478 ταύτης
834 1394 852 1476 ἦ
874 1393 1095 1478 μεγαλόπολις,
1118 1390 1253 1470 πόντως
1276 1388 1329 1474 όν,

216 1519 247 1560 ει
237 1479 423 1590 ’dthosc’
408 1486 559 1574 ετύγχανε
579 1493 614 1558 τό
634 1494 881 1576 θρυλλούμενον,
906 1488 1145 1578 ἐμεμαθήκει”
1121 1519 1162 1558 αν
1186 1493 1205 1558 ό
1227 1500 1331 1576 βασι-

217 1591 291 1668 λεύς
313 1595 404 1657 τούτο
435 1617 486 1657 και
520 1595 680 1675 ταχέως’
665 1591 837 1678 εποιύσατο
865 1593 923 1677 τήν
946 1589 1132 1680 διόρθωσιν,
1156 1595 1330 1677 πανταχοῦ

215 1695 413 1778 γραμμάτων
442 1695 661 1774 βασιλικῶν’
645 1692 882 1781 επιφοιτοόντων
903 1704 971 1770 ταῖς
1000 1693 1118 1760 πόλεσι.
1162 1721 1219 1759 και
1242 1695 1329 1759 νατό

215 1798 308 1859 τούτο
331 1792 441 1876 ἔμενον
461 1790 609 1879 α’τρεμὴς,
631 1788 701 1858 εἶτα
722 1797 779 1860 κατ’
796 1799 930 1880 θαρρεῖν
956 1798 996 1882 τῇ
1016 1799 1121 1861 πίστει
1148 1798 1215 1861 τεόν
1236 1793 1275 1859 ἐν
1291 1799 1368 1880 τῇισ

210 1895 384 1984 Ῥαιδεστρλ
420 1897 555 1960 πολιτῶν
590 1890 632 1969 τός
648 1904 651 1910 “
667 1897 874 1984 φυλαττούσῃ
903 1905 969 1970 τοῖς
1002 1899 1170 1977 βασιλεύοι
1201 1896 1240 1960 τό
1273 1900 1330 1980 τῆς

216 1994 460 2079 εόγνωμοσύνης
496 1998 644 2079 ἐνέχυρα,
703 1993 821 2060 ἔλαθον
859 1998 895 2060 δὲ
924 1996 1104 2120 περιπεσοόγ
1134 1993 1330 2078 α’προόπτως

217 2093 271 2159 διό
291 2099 355 2160 τῶν
377 2095 506 2161 εἰκότων
527 2099 758 2179 συλλογισμῶν,
777 2102 897 2192 μικροό
919 2097 996 2175 δεῖν,
1017 2095 1154 2188 μεγίστῳ
1172 2121 1238 2162 τινι
1263 2122 1329 2160 πα-

218 2191 414 2279 ραπτοόματι.
457 2196 536 2282 γυνὴ
558 2196 618 2282 γόρ
641 2221 689 2272 τις
715 2201 749 2263 όν
770 2202 809 2285 τῇ
825 2176 1048 2283 Ῥασδεστρλ
1015 2224 1053 2262 τα
1075 2201 1189 2281 πρῶτα
1214 2202 1328 2283 φέρειν

215 2294 294 2360 νιατύι
323 2292 456 2360 πόντων
486 2299 734 2385 σπουδάζουσα,
756 2301 941 2381 συγγένειαν
970 2300 1004 2361 ἑκ
1024 2302 1082 2362 τού
1103 2294 1224 2382 όνδρός
1249 2295 1367 2381 πρόςοο

218 2393 274 2461 τόν
298 2400 473 2482 Βρυὲννιου
493 2405 606 2463 τούτου
637 2401 863 2482 συνάπτουσα,
892 2402 1055 2482 λαθραίως
1082 2386 1222 2473 πολλούς
1242 2397 1326 2462 ύπό-

218 2521 297 2583 συρε
322 2500 385 2565 τῶν
402 2499 652 2587 Ῥαιόεατηυαῖν,
677 2499 942 2584 δοόροιςτούτους
966 2500 1027 2572 ,καί
1043 2498 1261 2582 ύποσχέσεσιν
1284 2498 1328 2575 οός

218 2592 336 2683 ἑαυτὴν
364 2603 568 2682 μεταθέσθαι
594 2599 797 2684 συμπείσασα
827 2599 883 2665 καί
908 2601 1111 2681 συνωμοσίαν
1131 2602 1165 2677 ἔξ
1187 2599 1330 2682 ι’διοχεό-

293 2776 336 2829 15.
361 2796 498 2833 κατατουτ
518 2811 525 2828 ·
545 2816 552 2831 .
572 2780 671 2853 ἔμενεν
691 2779 712 2834 G
805 2780 847 2831 17.
866 2782 949 2835 ἔλαθε
969 2779 998 2834 G.
1093 2778 1136 2831 19.
1155 2770 1229 2852 γυγῆ
1250 2778 1282 2833 G.

217 2958 299 3017 stulte
318 2959 462 3026 dispositus
481 2960 649 3014 adversarios
668 2960 774 3013 validos
791 2961 914 3026 reddidit,
936 2968 965 3013 ut
982 2960 1106 3030 plerique
1126 2960 1220 3013 hostes
1238 2959 1328 3011 effer.

217 3040 279 3083 rent
298 3033 371 3083 etin
390 3031 472 3083 ultum
490 3031 619 3085 tollerent
637 3040 748 3099 propter
771 3030 965 3115 negligentiam
983 3039 1010 3083 et
1029 3033 1179 3084 tarditatem
1196 3031 1249 3083 sibi
1271 3046 1327 3097 op-

215 3105 382 3170 positorum,
408 3110 437 3154 ut
465 3111 544 3155 antea
563 3104 770 3165 demonstratum
799 3111 852 3155 est:
872 3102 917 3154 vel
940 3104 964 3155 si
984 3112 1090 3169 oportet
1107 3119 1200 3156 verum
1220 3103 1327 3166 dicere,

216 3174 277 3227 aliis
295 3174 431 3227 laboribus
451 3183 478 3225 et
500 3176 596 3243 pugnis
616 3175 663 3226 alii
688 3190 799 3243 regnum
825 3174 913 3225 omnia
930 3182 1055 3241 spectans
1074 3174 1168 3228 oculus
1186 3174 1269 3242 digno
1290 3188 1326 3225 eo

216 3246 345 3299 curabat.

229 3377 241 3396 s
314 3340 444 3409 Equidem
463 3341 588 3393 llaedesti
607 3349 662 3392 tum
674 3343 811 3406 versabar,
832 3343 1016 3409 quaestionem
1036 3342 1074 3393 ibi
1091 3342 1235 3393 instituens
1257 3356 1324 3409 pos.

215 3414 365 3467 sessionum
384 3427 516 3463 mearum·
544 3427 665 3464 rumores
684 3415 791 3481 quidem
820 3414 952 3465 audiendo
972 3413 1196 3486 accipiebomtr
1169 3413 1323 3465 diffidebam

215 3493 303 3537 autem
323 3486 414 3547 dictis,
441 3485 503 3551 quia
527 3500 575 3551 per
602 3484 698 3536 multos
729 3485 786 3537 dies
811 3484 1032 3553 divulgabantur,
1059 3491 1186 3550 reputans
1205 3501 1319 3549 mecum,

216 3557 428 3625 quandoquidem
444 3555 592 3608 Raedestus
611 3564 684 3606 tanto
703 3555 849 3607 intervallo
869 3556 945 3607 abest
963 3555 996 3607 ab
1014 3555 1202 3623 Adrianopoli,
1221 3564 1321 3623 quanto

216 3627 248 3679 ub
269 3629 319 3681 huc
330 3628 393 3679 urbs
413 3626 553 3696 capitalis,
566 3628 683 3690 omniuo,
702 3628 726 3679 si
744 3642 825 3678 verus
845 3628 941 3679 fuisset
950 3642 1049 3690 rumor,
1067 3628 1217 3679 auditurum
1236 3628 1322 3678 fnisse

215 3714 307 3767 regem
327 3714 387 3772 eum
400 3711 427 3753 et
445 3699 572 3751 celeriter
585 3699 781 3750 correctionem
797 3700 992 3752 instituturum·
1015 3698 1113 3766 ubique
1132 3698 1220 3751 literis
1236 3699 1323 3765 regiis

216 3768 305 3823 allatis
325 3758 444 3827 urbibus.
485 3778 510 3820 et
529 3770 589 3821 ideo
609 3770 747 3821 manebam
765 3771 929 3837 intrepidus:
954 3770 1050 3821 deinde
1070 3770 1148 3821 etiam
1167 3770 1252 3822 fretus
1271 3769 1323 3821 lide

141 3865 145 3869 ·
217 3840 315 3892 civium
328 3843 454 3897 Raedesti
469 3849 497 3893 ut
510 3856 578 3910 quae
591 3850 714 3895 servaret
724 3841 833 3908 regibus
846 3842 953 3909 pretatis
964 3856 1086 3909 pignore
1116 3856 1223 3894 nescrvr
1234 3846 1354 3892 autern=

215 3926 257 3961 me
278 3912 424 3977 improviso
444 3914 571 3966 incidisse
591 3914 727 3981 opinionis
754 3912 1005 3965 ratiocinationibus
1030 3928 1116 3981 paene
1130 3906 1164 3963 in'
1181 3915 1324 3965 maximum

215 3995 313 4032 casum.
335 3984 431 4035 mulier
445 3986 514 4035 enim
529 3987 656 4052 quaedam
667 3985 794 4038 Ruedesti
805 3987 902 4051 primas
914 4000 997 4052 agere
1014 3987 1086 4037 inter
1098 3998 1190 4036 omues
1202 3984 1322 4045 studens,

120 4078 126 4095 ι
174 4106 184 4119 ‚
214 4051 345 4103 affinitate
360 4068 375 4104 e
390 4056 505 4122 coniuge
520 4072 579 4107 cum
588 4056 726 4141 Bryennio
740 4057 793 4108 hoc
805 4059 957 4122 coniuncta,
970 4057 1037 4109 clam
1047 4055 1145 4108 multos
1161 4054 1323 4109 subornabat

213 4122 413 4189 Raedestsuos,
440 4125 516 4179 donis
535 4128 577 4179 his
597 4136 624 4179 et
641 4130 795 4194 promissis,
824 4137 853 4179 ut
878 4129 959 4184 adse
977 4128 1122 4195 transirent
1142 4128 1318 4196 persuadens,
