<?xml version="1.0" encoding="UTF-8"?>
<!DOCTYPE html PUBLIC "-//W3C//DTD XHTML 1.0 Transitional//EN"
    "http://www.w3.org/TR/xhtml1/DTD/xhtml1-transitional.dtd">
<html xmlns="http://www.w3.org/1999/xhtml" xml:lang="en" lang="en">
 <head>
  <title>
</title>
<meta http-equiv="Content-Type" content="text/html;charset=utf-8" />
  <meta name='ocr-system' content='tesseract 3.04.00' />
  <meta name='ocr-capabilities' content='ocr_page ocr_carea ocr_par ocr_line ocrx_word'/>
</head>
<body>
  <div class='ocr_page' id='page_1' title='image "./corpusscriptoru24theogoog/corpusscriptoru24theogoog_0230.png"; bbox 0 0 2834 4750; ppageno 0'>
   <div class='ocr_carea' id='block_1_1' title="bbox 1186 161 1264 188">
    <p class='ocr_par' dir='ltr' id='par_1_1' title="bbox 1186 161 1264 188">
     <span class='ocr_line' id='line_1_1' title="bbox 1186 161 1264 188; baseline 0.026 -2"><span class='ocrx_word' id='word_1_1' title='bbox 1186 165 1195 186; x_wconf 87' lang='grc' dir='ltr'><strong><em>ι</em></strong></span> <span class='ocrx_word' id='word_1_2' title='bbox 1255 161 1264 188; x_wconf 74' lang='grc' dir='ltr'><strong><em>ν</em></strong></span> 
     </span>
    </p>
   </div>
   <div class='ocr_carea' id='block_1_2' title="bbox 251 271 1048 360">
    <p class='ocr_par' dir='ltr' id='par_1_2' title="bbox 251 184 1398 387">
     <span class='ocr_line' id='line_1_2' title="bbox 251 271 1048 360; baseline -0.006 -8"><span class='ocrx_word' id='word_1_3' title='bbox 251 271 324 360; x_wconf 74' lang='lat' dir='ltr'><strong>sod</strong></span> <span class='ocrx_word' id='word_1_4' title='bbox 359 315 389 348; x_wconf 64' lang='lat'><strong><em>⁴.</em></strong></span> <span class='ocrx_word' id='word_1_5' title='bbox 425 291 440 318; x_wconf 86' lang='lat'><strong>·</strong></span> <span class='ocrx_word' id='word_1_6' title='bbox 542 277 760 353; x_wconf 74' lang='lat' dir='ltr'><strong>mmmm</strong></span> <span class='ocrx_word' id='word_1_7' title='bbox 788 275 1048 350; x_wconf 71' lang='lat' dir='ltr'><strong>immersa</strong></span> 
     </span>
    </p>
   </div>
   <div class='ocr_carea' id='block_1_3' title="bbox 177 402 1401 2348">
    <p class='ocr_par' dir='ltr' id='par_1_3' title="bbox 200 402 1401 1546">
     <span class='ocr_line' id='line_1_3' title="bbox 1214 402 1233 435; baseline 0 -2"><span class='ocrx_word' id='word_1_8' title='bbox 1214 402 1233 435; x_wconf 69' lang='grc' dir='ltr'>Ο</span> 
     </span>
     <span class='ocr_line' id='line_1_4' title="bbox 200 442 1368 550; baseline -0.021 -20"><span class='ocrx_word' id='word_1_9' title='bbox 200 523 213 542; x_wconf 85' lang='grc'><strong>,</strong></span> <span class='ocrx_word' id='word_1_10' title='bbox 248 467 399 550; x_wconf 80' lang='grc' dir='ltr'><strong><em>βλαβείας</em></strong></span> <span class='ocrx_word' id='word_1_11' title='bbox 420 457 614 539; x_wconf 55' lang='lat' dir='ltr'><strong>indicarum</strong></span> <span class='ocrx_word' id='word_1_12' title='bbox 646 449 723 518; x_wconf 79' lang='grc' dir='ltr'><strong><em>ὅθεν</em></strong></span> <span class='ocrx_word' id='word_1_13' title='bbox 750 458 806 519; x_wconf 80' lang='grc' dir='ltr'><strong><em>κατ’</em></strong></span> <span class='ocrx_word' id='word_1_14' title='bbox 822 451 1003 533; x_wconf 85' lang='grc' dir='ltr'><strong><em>θαυμάζειν</em></strong></span> <span class='ocrx_word' id='word_1_15' title='bbox 1029 469 1086 531; x_wconf 84' lang='grc' dir='ltr'><strong><em>μοι</em></strong></span> <span class='ocrx_word' id='word_1_16' title='bbox 1109 445 1221 512; x_wconf 84' lang='grc' dir='ltr'><strong><em>ἔπεισι</em></strong></span> <span class='ocrx_word' id='word_1_17' title='bbox 1244 442 1368 518; x_wconf 79' lang='grc' dir='ltr'><strong><em>πῶςά</em></strong></span> 
     </span>
     <span class='ocr_line' id='line_1_5' title="bbox 245 545 1399 646; baseline -0.022 -14"><span class='ocrx_word' id='word_1_18' title='bbox 245 563 414 646; x_wconf 83' lang='grc' dir='ltr'><strong><em>Ῥωμαίων</em></strong></span> <span class='ocrx_word' id='word_1_19' title='bbox 433 562 577 641; x_wconf 77' lang='grc' dir='ltr'><strong><em>βασιλεῖς</em></strong></span> <span class='ocrx_word' id='word_1_20' title='bbox 598 553 670 628; x_wconf 79' lang='grc' dir='ltr'><strong><em>τούς</em></strong></span> <span class='ocrx_word' id='word_1_21' title='bbox 692 553 817 628; x_wconf 78' lang='grc' dir='ltr'><strong><em>εἰδότας</em></strong></span> <span class='ocrx_word' id='word_1_22' title='bbox 837 551 963 635; x_wconf 84' lang='grc' dir='ltr'><strong><em>ἔχοντες</em></strong></span> <span class='ocrx_word' id='word_1_23' title='bbox 985 551 1109 614; x_wconf 77' lang='grc' dir='ltr'><strong><em>πολλῶν</em></strong></span> <span class='ocrx_word' id='word_1_24' title='bbox 1130 545 1296 631; x_wconf 74' lang='grc' dir='ltr'><strong><em>ἱστοριῶν</em></strong></span> <span class='ocrx_word' id='word_1_25' title='bbox 1317 545 1369 608; x_wconf 83' lang='grc' dir='ltr'><strong><em>ναί</em></strong></span> <span class='ocrx_word' id='word_1_26' title='bbox 1398 584 1399 589; x_wconf 42' lang='lat'>1</span> 
     </span>
     <span class='ocr_line' id='line_1_6' title="bbox 248 650 1370 748; baseline -0.02 -16"><span class='ocrx_word' id='word_1_27' title='bbox 248 663 395 748; x_wconf 80' lang='grc' dir='ltr'><strong><em>πράξεων</em></strong></span> <span class='ocrx_word' id='word_1_28' title='bbox 415 658 597 742; x_wconf 84' lang='grc' dir='ltr'><strong><em>έπιγντόοεις</em></strong></span> <span class='ocrx_word' id='word_1_29' title='bbox 618 658 674 719; x_wconf 71' lang='grc' dir='ltr'><strong><em>κατ’</em></strong></span> <span class='ocrx_word' id='word_1_30' title='bbox 692 652 795 736; x_wconf 86' lang='grc' dir='ltr'><strong><em>τόχας</em></strong></span> <span class='ocrx_word' id='word_1_31' title='bbox 813 651 964 736; x_wconf 86' lang='grc' dir='ltr'><strong><em>λαμπράς</em></strong></span> <span class='ocrx_word' id='word_1_32' title='bbox 984 654 1040 715; x_wconf 76' lang='grc' dir='ltr'><strong><em>κατ’</em></strong></span> <span class='ocrx_word' id='word_1_33' title='bbox 1056 650 1216 724; x_wconf 87' lang='grc' dir='ltr'><strong><em>ταπεινάς</em></strong></span> <span class='ocrx_word' id='word_1_34' title='bbox 1235 651 1370 730; x_wconf 83' lang='grc' dir='ltr'><strong><em>γινομέ-</em></strong></span> 
     </span>
     <span class='ocr_line' id='line_1_7' title="bbox 226 726 1400 844; baseline -0.023 -10"><span class='ocrx_word' id='word_1_35' title='bbox 226 732 308 841; x_wconf 68' lang='grc' dir='ltr'><strong><em>Ιινας</em></strong></span> <span class='ocrx_word' id='word_1_36' title='bbox 329 763 362 844; x_wconf 79' lang='grc' dir='ltr'><strong><em>ἒξ</em></strong></span> <span class='ocrx_word' id='word_1_37' title='bbox 384 764 494 830; x_wconf 84' lang='grc' dir='ltr'><strong><em>σι’τιῶν</em></strong></span> <span class='ocrx_word' id='word_1_38' title='bbox 525 755 818 842; x_wconf 83' lang='grc' dir='ltr'><strong><em>προφονεστάτων,</em></strong></span> <span class='ocrx_word' id='word_1_39' title='bbox 842 747 887 817; x_wconf 75' lang='grc' dir='ltr'><strong><em>ῶν</em></strong></span> <span class='ocrx_word' id='word_1_40' title='bbox 915 757 977 832; x_wconf 81' lang='grc' dir='ltr'><strong><em>μὲν</em></strong></span> <span class='ocrx_word' id='word_1_41' title='bbox 995 755 1030 815; x_wconf 82' lang='grc' dir='ltr'><strong><em>έν</em></strong></span> <span class='ocrx_word' id='word_1_42' title='bbox 1051 752 1146 815; x_wconf 90' lang='grc' dir='ltr'><strong><em>θείου</em></strong></span> <span class='ocrx_word' id='word_1_43' title='bbox 1171 749 1283 831; x_wconf 88' lang='grc' dir='ltr'><strong><em>χόλου</em></strong></span> <span class='ocrx_word' id='word_1_44' title='bbox 1305 756 1369 820; x_wconf 84' lang='grc' dir='ltr'><strong><em>τοῖς</em></strong></span> <span class='ocrx_word' id='word_1_45' title='bbox 1399 726 1400 807; x_wconf 76' lang='grc' dir='ltr'><strong><em>λ</em></strong></span> 
     </span>
     <span class='ocr_line' id='line_1_8' title="bbox 251 844 1387 950; baseline -0.018 -17"><span class='ocrx_word' id='word_1_46' title='bbox 251 849 526 950; x_wconf 72' lang='grc' dir='ltr'><strong><em>ἁμαρτανομένοις</em></strong></span> <span class='ocrx_word' id='word_1_47' title='bbox 550 859 699 942; x_wconf 77' lang='grc' dir='ltr'><strong><em>σφοδρῶς</em></strong></span> <span class='ocrx_word' id='word_1_48' title='bbox 715 853 986 935; x_wconf 80' lang='grc' dir='ltr'><strong><em>έπετναπτομένου,</em></strong></span> <span class='ocrx_word' id='word_1_49' title='bbox 1010 844 1054 917; x_wconf 82' lang='grc' dir='ltr'><strong><em>ῶν</em></strong></span> <span class='ocrx_word' id='word_1_50' title='bbox 1075 854 1111 915; x_wconf 85' lang='grc' dir='ltr'><strong><em>δὲ</em></strong></span> <span class='ocrx_word' id='word_1_51' title='bbox 1133 849 1202 914; x_wconf 85' lang='grc' dir='ltr'><strong><em>α’τιό</em></strong></span> <span class='ocrx_word' id='word_1_52' title='bbox 1226 855 1387 932; x_wconf 60' lang='lat' dir='ltr'><strong>domiso-5</strong></span> 
     </span>
     <span class='ocr_line' id='line_1_9' title="bbox 250 948 1401 1050; baseline -0.018 -17"><span class='ocrx_word' id='word_1_53' title='bbox 250 967 362 1050; x_wconf 87' lang='grc' dir='ltr'><strong><em>μάτων</em></strong></span> <span class='ocrx_word' id='word_1_54' title='bbox 384 968 545 1048; x_wconf 82' lang='grc' dir='ltr'><strong><em>γλίσχρων</em></strong></span> <span class='ocrx_word' id='word_1_55' title='bbox 568 960 622 1020; x_wconf 81' lang='grc' dir='ltr'><strong><em>κατ’</em></strong></span> <span class='ocrx_word' id='word_1_56' title='bbox 645 957 782 1038; x_wconf 83' lang='grc' dir='ltr'><strong><em>α’γεννῶν</em></strong></span> <span class='ocrx_word' id='word_1_57' title='bbox 813 956 869 1019; x_wconf 83' lang='grc' dir='ltr'><strong><em>καί</em></strong></span> <span class='ocrx_word' id='word_1_58' title='bbox 888 949 1049 1019; x_wconf 83' lang='grc' dir='ltr'><strong><em>άνοικείων</em></strong></span> <span class='ocrx_word' id='word_1_59' title='bbox 1071 961 1138 1026; x_wconf 81' lang='grc' dir='ltr'><strong><em>τοῖς</em></strong></span> <span class='ocrx_word' id='word_1_60' title='bbox 1164 948 1366 1034; x_wconf 75' lang='grc' dir='ltr'><strong><em>πράγμασιν,</em></strong></span> <span class='ocrx_word' id='word_1_61' title='bbox 1400 1002 1401 1019; x_wconf 36' lang='lat'>1</span> 
     </span>
     <span class='ocr_line' id='line_1_10' title="bbox 251 1051 1368 1147; baseline -0.017 -15"><span class='ocrx_word' id='word_1_62' title='bbox 251 1069 367 1132; x_wconf 80' lang='grc' dir='ltr'><strong><em>ου’δένα</em></strong></span> <span class='ocrx_word' id='word_1_63' title='bbox 389 1061 482 1147; x_wconf 90' lang='grc' dir='ltr'><strong><em>λόγον</em></strong></span> <span class='ocrx_word' id='word_1_64' title='bbox 497 1059 603 1136; x_wconf 71' lang='grc' dir='ltr'><strong><em>αὐτῶν</em></strong></span> <span class='ocrx_word' id='word_1_65' title='bbox 615 1056 812 1141; x_wconf 85' lang='grc' dir='ltr'><strong><em>πεποίηνται,</em></strong></span> <span class='ocrx_word' id='word_1_66' title='bbox 836 1057 907 1120; x_wconf 86' lang='lat' dir='ltr'><strong>ov&#39;d&#39;</strong></span> <span class='ocrx_word' id='word_1_67' title='bbox 929 1057 1055 1133; x_wconf 79' lang='grc' dir='ltr'><strong><em>άξιοῖισι</em></strong></span> <span class='ocrx_word' id='word_1_68' title='bbox 1075 1051 1135 1127; x_wconf 77' lang='grc' dir='ltr'><strong><em>τάς</em></strong></span> <span class='ocrx_word' id='word_1_69' title='bbox 1148 1053 1267 1125; x_wconf 77' lang='grc' dir='ltr'><strong><em>αι’τίας</em></strong></span> <span class='ocrx_word' id='word_1_70' title='bbox 1289 1077 1368 1129; x_wconf 85' lang='grc' dir='ltr'><strong><em>μαν-</em></strong></span> 
     </span>
     <span class='ocr_line' id='line_1_11' title="bbox 250 1152 1366 1241; baseline -0.017 -9"><span class='ocrx_word' id='word_1_71' title='bbox 250 1164 362 1240; x_wconf 78' lang='grc' dir='ltr'><strong><em>θάνειν</em></strong></span> <span class='ocrx_word' id='word_1_72' title='bbox 384 1168 417 1241; x_wconf 81' lang='grc' dir='ltr'><strong><em>έξ</em></strong></span> <span class='ocrx_word' id='word_1_73' title='bbox 437 1153 482 1225; x_wconf 83' lang='grc' dir='ltr'><strong><em>ῶν</em></strong></span> <span class='ocrx_word' id='word_1_74' title='bbox 501 1160 540 1224; x_wconf 86' lang='grc' dir='ltr'><strong><em>τά</em></strong></span> <span class='ocrx_word' id='word_1_75' title='bbox 564 1162 696 1224; x_wconf 83' lang='grc' dir='ltr'><strong><em>τοιαῦτα</em></strong></span> <span class='ocrx_word' id='word_1_76' title='bbox 728 1154 960 1240; x_wconf 72' lang='grc' dir='ltr'><em>δυστυχήματα</em></span> <span class='ocrx_word' id='word_1_77' title='bbox 993 1157 1033 1238; x_wconf 78' lang='grc' dir='ltr'><strong><em>τῇ</em></strong></span> <span class='ocrx_word' id='word_1_78' title='bbox 1050 1155 1229 1234; x_wconf 80' lang='grc' dir='ltr'><strong><em>Ῥωμαίων</em></strong></span> <span class='ocrx_word' id='word_1_79' title='bbox 1254 1152 1366 1235; x_wconf 71' lang='grc' dir='ltr'><strong><em>ἧγεμοε</em></strong></span> 
     </span>
     <span class='ocr_line' id='line_1_12' title="bbox 249 1255 1367 1356; baseline -0.015 -23"><span class='ocrx_word' id='word_1_80' title='bbox 249 1273 302 1356; x_wconf 77' lang='grc' dir='ltr'><strong><em>νίρ</em></strong></span> <span class='ocrx_word' id='word_1_81' title='bbox 315 1269 573 1350; x_wconf 75' lang='grc' dir='ltr'><strong><em>προσπίπτουσιν·</em></strong></span> <span class='ocrx_word' id='word_1_82' title='bbox 590 1262 657 1324; x_wconf 73' lang='grc' dir='ltr'><strong><em>άλλ·</em></strong></span> <span class='ocrx_word' id='word_1_83' title='bbox 672 1255 732 1340; x_wconf 74' lang='grc' dir='ltr'><strong><em>ἔξω</em></strong></span> <span class='ocrx_word' id='word_1_84' title='bbox 747 1263 849 1342; x_wconf 89' lang='grc' dir='ltr'><strong><em>πάσης</em></strong></span> <span class='ocrx_word' id='word_1_85' title='bbox 866 1259 983 1339; x_wconf 82' lang='grc' dir='ltr'><strong><em>βουλῆς</em></strong></span> <span class='ocrx_word' id='word_1_86' title='bbox 1001 1257 1180 1352; x_wconf 76' lang='grc' dir='ltr'><strong><em>θεοφιλοῦς</em></strong></span> <span class='ocrx_word' id='word_1_87' title='bbox 1195 1258 1259 1318; x_wconf 81' lang='grc' dir='ltr'><strong><em>κατ’</em></strong></span> <span class='ocrx_word' id='word_1_88' title='bbox 1272 1257 1367 1335; x_wconf 85' lang='grc' dir='ltr'><strong><em>θερα-</em></strong></span> 
     </span>
     <span class='ocr_line' id='line_1_13' title="bbox 249 1355 1393 1444; baseline -0.012 -12"><span class='ocrx_word' id='word_1_89' title='bbox 249 1371 343 1440; x_wconf 87' lang='grc' dir='ltr'><strong><em>πείας</em></strong></span> <span class='ocrx_word' id='word_1_90' title='bbox 371 1367 428 1430; x_wconf 76' lang='grc' dir='ltr'><strong><em>τοῦ</em></strong></span> <span class='ocrx_word' id='word_1_91' title='bbox 450 1365 541 1426; x_wconf 88' lang='grc' dir='ltr'><strong><em>θειόυ</em></strong></span> <span class='ocrx_word' id='word_1_92' title='bbox 567 1359 622 1424; x_wconf 77' lang='grc' dir='ltr'><strong><em>καί</em></strong></span> <span class='ocrx_word' id='word_1_93' title='bbox 648 1365 704 1444; x_wconf 82' lang='grc' dir='ltr'><strong><em>τῆς</em></strong></span> <span class='ocrx_word' id='word_1_94' title='bbox 730 1365 794 1425; x_wconf 89' lang='grc' dir='ltr'><strong><em>τῶν</em></strong></span> <span class='ocrx_word' id='word_1_95' title='bbox 816 1360 959 1438; x_wconf 83' lang='grc' dir='ltr'><strong><em>πατρίων</em></strong></span> <span class='ocrx_word' id='word_1_96' title='bbox 980 1355 1086 1437; x_wconf 83' lang='grc' dir='ltr'><strong><em>νόμων</em></strong></span> <span class='ocrx_word' id='word_1_97' title='bbox 1107 1355 1393 1436; x_wconf 77' lang='grc' dir='ltr'><strong><em>έπανορθοόσεαςλό</em></strong></span> 
     </span>
     <span class='ocr_line' id='line_1_14' title="bbox 251 1452 1366 1546; baseline -0.013 -14"><span class='ocrx_word' id='word_1_98' title='bbox 251 1467 488 1546; x_wconf 76' lang='grc' dir='ltr'><strong><em>καθιστάμενοι,</em></strong></span> <span class='ocrx_word' id='word_1_99' title='bbox 503 1462 649 1542; x_wconf 81' lang='grc' dir='ltr'><strong><em>άβοόλονς</em></strong></span> <span class='ocrx_word' id='word_1_100' title='bbox 664 1465 720 1526; x_wconf 83' lang='grc' dir='ltr'><strong><em>ναί</em></strong></span> <span class='ocrx_word' id='word_1_101' title='bbox 734 1459 895 1541; x_wconf 78' lang='grc' dir='ltr'><strong><em>προπετῶς</em></strong></span> <span class='ocrx_word' id='word_1_102' title='bbox 907 1461 952 1533; x_wconf 85' lang='grc' dir='ltr'><strong><em>εἰς</em></strong></span> <span class='ocrx_word' id='word_1_103' title='bbox 965 1461 1122 1537; x_wconf 78' lang='grc' dir='ltr'><strong><em>πολέμους</em></strong></span> <span class='ocrx_word' id='word_1_104' title='bbox 1134 1452 1311 1538; x_wconf 76' lang='grc' dir='ltr'><strong><em>μεγάλους</em></strong></span> <span class='ocrx_word' id='word_1_105' title='bbox 1323 1456 1366 1518; x_wconf 77' lang='grc' dir='ltr'><strong><em>κατ’</em></strong></span> 
     </span>
    </p>

    <p class='ocr_par' dir='ltr' id='par_1_4' title="bbox 177 1555 1392 2348">
     <span class='ocr_line' id='line_1_15' title="bbox 177 1555 1364 1644; baseline -0.012 -12"><span class='ocrx_word' id='word_1_106' title='bbox 177 1625 181 1632; x_wconf 91' lang='grc'><em>,</em></span> <span class='ocrx_word' id='word_1_107' title='bbox 251 1563 426 1643; x_wconf 76' lang='grc' dir='ltr'><strong><em>κινδύνους,</em></strong></span> <span class='ocrx_word' id='word_1_108' title='bbox 447 1563 492 1644; x_wconf 75' lang='grc' dir='ltr'><strong><em>μη</em></strong></span> <span class='ocrx_word' id='word_1_109' title='bbox 515 1564 666 1644; x_wconf 86' lang='grc' dir='ltr'><strong><em>πρότερον</em></strong></span> <span class='ocrx_word' id='word_1_110' title='bbox 689 1559 834 1625; x_wconf 84' lang='grc' dir='ltr'><strong><em>τὸνθεόν</em></strong></span> <span class='ocrx_word' id='word_1_111' title='bbox 857 1559 1078 1638; x_wconf 79' lang='grc' dir='ltr'><strong><em>ἱλεοισάμενοι,</em></strong></span> <span class='ocrx_word' id='word_1_112' title='bbox 1102 1555 1161 1632; x_wconf 89' lang='grc' dir='ltr'><strong><em>τάς</em></strong></span> <span class='ocrx_word' id='word_1_113' title='bbox 1180 1557 1364 1636; x_wconf 75' lang='grc' dir='ltr'><strong><em>Ῥωμαϊκὰς</em></strong></span> 
     </span>
     <span class='ocr_line' id='line_1_16' title="bbox 252 1653 1364 1746; baseline -0.011 -17"><span class='ocrx_word' id='word_1_114' title='bbox 252 1663 404 1745; x_wconf 84' lang='grc' dir='ltr'><strong><em>δυνάμεις</em></strong></span> <span class='ocrx_word' id='word_1_115' title='bbox 426 1659 598 1746; x_wconf 83' lang='grc' dir='ltr'><strong><em>εἰσάγουσι,</em></strong></span> <span class='ocrx_word' id='word_1_116' title='bbox 623 1665 678 1726; x_wconf 82' lang='grc' dir='ltr'><strong><em>καί</em></strong></span> <span class='ocrx_word' id='word_1_117' title='bbox 697 1665 873 1743; x_wconf 90' lang='grc' dir='ltr'><strong><em>πάσχοντες</em></strong></span> <span class='ocrx_word' id='word_1_118' title='bbox 887 1666 988 1732; x_wconf 84' lang='grc' dir='ltr'><strong><em>κακῶς</em></strong></span> <span class='ocrx_word' id='word_1_119' title='bbox 1003 1657 1059 1721; x_wconf 81' lang='grc' dir='ltr'><strong><em>καί</em></strong></span> <span class='ocrx_word' id='word_1_120' title='bbox 1073 1653 1263 1740; x_wconf 75' lang='grc' dir='ltr'><strong><em>ἡττώμενοι</em></strong></span> <span class='ocrx_word' id='word_1_121' title='bbox 1288 1659 1364 1739; x_wconf 86' lang='grc' dir='ltr'><strong><em>άπη-</em></strong></span> 
     </span>
     <span class='ocr_line' id='line_1_17' title="bbox 251 1757 1361 1848; baseline -0.008 -22"><span class='ocrx_word' id='word_1_122' title='bbox 251 1765 313 1839; x_wconf 86' lang='grc' dir='ltr'><strong><em>νῶς</em></strong></span> <span class='ocrx_word' id='word_1_123' title='bbox 336 1761 486 1848; x_wconf 79' lang='grc' dir='ltr'><strong><em>αἴσθησιν</em></strong></span> <span class='ocrx_word' id='word_1_124' title='bbox 508 1763 548 1824; x_wconf 90' lang='grc' dir='ltr'><strong><em>ου’</em></strong></span> <span class='ocrx_word' id='word_1_125' title='bbox 568 1760 769 1842; x_wconf 78' lang='grc' dir='ltr'><strong><em>λαμβάνουσι</em></strong></span> <span class='ocrx_word' id='word_1_126' title='bbox 787 1762 843 1843; x_wconf 80' lang='grc' dir='ltr'><strong><em>τῆς</em></strong></span> <span class='ocrx_word' id='word_1_127' title='bbox 862 1763 896 1824; x_wconf 82' lang='grc' dir='ltr'><strong><em>ἐκ</em></strong></span> <span class='ocrx_word' id='word_1_128' title='bbox 911 1763 969 1824; x_wconf 79' lang='lat' dir='ltr'><strong>rori</strong></span> <span class='ocrx_word' id='word_1_129' title='bbox 990 1761 1081 1822; x_wconf 87' lang='grc' dir='ltr'><strong><em>θειόυ</em></strong></span> <span class='ocrx_word' id='word_1_130' title='bbox 1094 1760 1274 1837; x_wconf 77' lang='grc' dir='ltr'><strong><em>νεμέσεως.</em></strong></span> <span class='ocrx_word' id='word_1_131' title='bbox 1301 1757 1361 1818; x_wconf 71' lang='grc' dir='ltr'><strong><em>ἀλλ’</em></strong></span> 
     </span>
     <span class='ocr_line' id='line_1_18' title="bbox 252 1855 1392 1944; baseline -0.012 -16"><span class='ocrx_word' id='word_1_132' title='bbox 252 1863 283 1929; x_wconf 77' lang='grc' dir='ltr'><strong><em>οἱ</em></strong></span> <span class='ocrx_word' id='word_1_133' title='bbox 304 1863 404 1930; x_wconf 90' lang='grc' dir='ltr'><strong><em>πάλαι</em></strong></span> <span class='ocrx_word' id='word_1_134' title='bbox 421 1861 576 1944; x_wconf 81' lang='grc' dir='ltr'><strong><em>Ῥωμαῖοι</em></strong></span> <span class='ocrx_word' id='word_1_135' title='bbox 599 1862 660 1944; x_wconf 71' lang='grc' dir='ltr'><strong><em>οὐχ</em></strong></span> <span class='ocrx_word' id='word_1_136' title='bbox 685 1859 769 1926; x_wconf 73' lang='grc' dir='ltr'><strong><em>οὕτω</em></strong></span> <span class='ocrx_word' id='word_1_137' title='bbox 792 1861 975 1940; x_wconf 55' lang='grc' dir='ltr'><strong><em>ποιοῦντεςζ</em></strong></span> <span class='ocrx_word' id='word_1_138' title='bbox 993 1860 1049 1933; x_wconf 89' lang='grc' dir='ltr'><strong><em>τάς</em></strong></span> <span class='ocrx_word' id='word_1_139' title='bbox 1070 1855 1218 1943; x_wconf 88' lang='grc' dir='ltr'><strong><em>φοβεράς</em></strong></span> <span class='ocrx_word' id='word_1_140' title='bbox 1244 1862 1392 1932; x_wconf 71' lang='grc' dir='ltr'><strong><em>ε’κείνοςλλ</em></strong></span> 
     </span>
     <span class='ocr_line' id='line_1_19' title="bbox 251 1956 1364 2049; baseline -0.009 -17"><span class='ocrx_word' id='word_1_141' title='bbox 251 1971 307 2032; x_wconf 78' lang='grc' dir='ltr'><strong><em>τοτ’</em></strong></span> <span class='ocrx_word' id='word_1_142' title='bbox 327 1967 437 2049; x_wconf 81' lang='grc' dir='ltr'><strong><em>μάχας</em></strong></span> <span class='ocrx_word' id='word_1_143' title='bbox 469 1964 522 2029; x_wconf 82' lang='grc' dir='ltr'><strong><em>καί</em></strong></span> <span class='ocrx_word' id='word_1_144' title='bbox 552 1969 745 2049; x_wconf 75' lang='grc' dir='ltr'><strong><em>στρατηγίας</em></strong></span> <span class='ocrx_word' id='word_1_145' title='bbox 771 1962 974 2046; x_wconf 75' lang='grc' dir='ltr'><strong><em>κατώρθουν,</em></strong></span> <span class='ocrx_word' id='word_1_146' title='bbox 1004 1956 1084 2024; x_wconf 82' lang='grc' dir='ltr'><strong><em>α’λλό</em></strong></span> <span class='ocrx_word' id='word_1_147' title='bbox 1106 1961 1224 2041; x_wconf 85' lang='grc' dir='ltr'><strong><em>καίπερ</em></strong></span> <span class='ocrx_word' id='word_1_148' title='bbox 1253 1962 1314 2042; x_wconf 78' lang='grc' dir='ltr'><strong><em>τὴν</em></strong></span> <span class='ocrx_word' id='word_1_149' title='bbox 1333 1961 1364 2028; x_wconf 80' lang='grc' dir='ltr'><strong><em>ἐτ</em></strong></span> 
     </span>
     <span class='ocr_line' id='line_1_20' title="bbox 251 2059 1363 2154; baseline -0.011 -22"><span class='ocrx_word' id='word_1_150' title='bbox 251 2072 310 2133; x_wconf 76' lang='lat' dir='ltr'><strong>rosi</strong></span> <span class='ocrx_word' id='word_1_151' title='bbox 330 2069 410 2130; x_wconf 81' lang='grc' dir='ltr'><strong><em>θεοῦ</em></strong></span> <span class='ocrx_word' id='word_1_152' title='bbox 432 2062 526 2147; x_wconf 83' lang='grc' dir='ltr'><strong><em>λόγου</em></strong></span> <span class='ocrx_word' id='word_1_153' title='bbox 543 2067 598 2128; x_wconf 83' lang='grc' dir='ltr'><strong><em>καί</em></strong></span> <span class='ocrx_word' id='word_1_154' title='bbox 618 2067 672 2146; x_wconf 79' lang='grc' dir='ltr'><strong><em>τῆς</em></strong></span> <span class='ocrx_word' id='word_1_155' title='bbox 694 2067 729 2127; x_wconf 87' lang='grc' dir='ltr'><strong><em>εἰι</em></strong></span> <span class='ocrx_word' id='word_1_156' title='bbox 751 2067 806 2146; x_wconf 80' lang='grc' dir='ltr'><strong><em>τῆς</em></strong></span> <span class='ocrx_word' id='word_1_157' title='bbox 827 2063 968 2146; x_wconf 78' lang='grc' dir='ltr'><strong><em>άρρὴτου</em></strong></span> <span class='ocrx_word' id='word_1_158' title='bbox 989 2059 1044 2154; x_wconf 75' lang='grc' dir='ltr'><strong><em>καί</em></strong></span> <span class='ocrx_word' id='word_1_159' title='bbox 1060 2059 1261 2144; x_wconf 75' lang='grc' dir='ltr'><strong><em>ὑπερφυοῦς</em></strong></span> <span class='ocrx_word' id='word_1_160' title='bbox 1286 2081 1363 2140; x_wconf 91' lang='grc' dir='ltr'><strong><em>σορ-</em></strong></span> 
     </span>
     <span class='ocr_line' id='line_1_21' title="bbox 251 2159 1362 2244; baseline -0.008 -14"><span class='ocrx_word' id='word_1_161' title='bbox 251 2168 379 2242; x_wconf 82' lang='grc' dir='ltr'><strong><em>ιιῶσεας</em></strong></span> <span class='ocrx_word' id='word_1_162' title='bbox 402 2168 503 2231; x_wconf 79' lang='grc' dir='ltr'><strong><em>ου’τοό</em></strong></span> <span class='ocrx_word' id='word_1_163' title='bbox 523 2169 578 2230; x_wconf 84' lang='grc' dir='ltr'><strong><em>καί</em></strong></span> <span class='ocrx_word' id='word_1_164' title='bbox 598 2163 675 2230; x_wconf 88' lang='grc' dir='ltr'><strong><em>κατά</em></strong></span> <span class='ocrx_word' id='word_1_165' title='bbox 699 2159 788 2228; x_wconf 83' lang='grc' dir='ltr'><strong><em>τόνδε</em></strong></span> <span class='ocrx_word' id='word_1_166' title='bbox 809 2163 862 2228; x_wconf 85' lang='grc' dir='ltr'><strong><em>τὸν</em></strong></span> <span class='ocrx_word' id='word_1_167' title='bbox 877 2164 995 2244; x_wconf 84' lang='grc' dir='ltr'><strong><em>κόσμον</em></strong></span> <span class='ocrx_word' id='word_1_168' title='bbox 1017 2163 1295 2244; x_wconf 86' lang='grc' dir='ltr'><strong><em>συναναστροφῆς</em></strong></span> <span class='ocrx_word' id='word_1_169' title='bbox 1313 2181 1362 2222; x_wconf 85' lang='grc' dir='ltr'><strong><em>νο-</em></strong></span> 
     </span>
     <span class='ocr_line' id='line_1_22' title="bbox 253 2260 1363 2348; baseline -0.007 -19"><span class='ocrx_word' id='word_1_170' title='bbox 253 2272 411 2348; x_wconf 87' lang='grc' dir='ltr'><strong><em>μοθεσίαν</em></strong></span> <span class='ocrx_word' id='word_1_171' title='bbox 430 2270 540 2348; x_wconf 86' lang='grc' dir='ltr'><strong><em>μηκέτι</em></strong></span> <span class='ocrx_word' id='word_1_172' title='bbox 570 2267 718 2348; x_wconf 78' lang='grc' dir='ltr'><strong><em>λαβόντες</em></strong></span> <span class='ocrx_word' id='word_1_173' title='bbox 741 2267 795 2327; x_wconf 83' lang='grc' dir='ltr'><strong><em>έπί</em></strong></span> <span class='ocrx_word' id='word_1_174' title='bbox 813 2262 849 2327; x_wconf 90' lang='grc' dir='ltr'><strong><em>τό</em></strong></span> <span class='ocrx_word' id='word_1_175' title='bbox 874 2267 979 2338; x_wconf 82' lang='grc' dir='ltr'><strong><em>σέβειν</em></strong></span> <span class='ocrx_word' id='word_1_176' title='bbox 1008 2263 1048 2326; x_wconf 87' lang='grc' dir='ltr'><strong><em>τά</em></strong></span> <span class='ocrx_word' id='word_1_177' title='bbox 1072 2267 1145 2325; x_wconf 86' lang='grc' dir='ltr'><strong><em>θεῖα</em></strong></span> <span class='ocrx_word' id='word_1_178' title='bbox 1169 2263 1229 2323; x_wconf 84' lang='grc' dir='ltr'><strong><em>καί</em></strong></span> <span class='ocrx_word' id='word_1_179' title='bbox 1252 2260 1363 2342; x_wconf 83' lang='grc' dir='ltr'><strong><em>άρετῆς</em></strong></span> 
     </span>
    </p>
   </div>
   <div class='ocr_carea' id='block_1_4' title="bbox 254 2354 1394 2756">
    <p class='ocr_par' dir='ltr' id='par_1_5' title="bbox 254 2354 1394 2756">
     <span class='ocr_line' id='line_1_23' title="bbox 255 2354 1394 2449; baseline -0.007 -16"><span class='ocrx_word' id='word_1_180' title='bbox 255 2370 492 2433; x_wconf 85' lang='grc' dir='ltr'><strong><em>άντιποιεῖσθοι</em></strong></span> <span class='ocrx_word' id='word_1_181' title='bbox 506 2371 561 2431; x_wconf 83' lang='grc' dir='ltr'><strong><em>καί</em></strong></span> <span class='ocrx_word' id='word_1_182' title='bbox 581 2363 655 2440; x_wconf 83' lang='grc' dir='ltr'><strong><em>τοός</em></strong></span> <span class='ocrx_word' id='word_1_183' title='bbox 677 2371 732 2447; x_wconf 84' lang='grc' dir='ltr'><strong><em>τῆς</em></strong></span> <span class='ocrx_word' id='word_1_184' title='bbox 750 2367 971 2449; x_wconf 84' lang='grc' dir='ltr'><strong><em>άγοθοεργίας</em></strong></span> <span class='ocrx_word' id='word_1_185' title='bbox 982 2364 1099 2446; x_wconf 87' lang='grc' dir='ltr'><strong><em>νόμους</em></strong></span> <span class='ocrx_word' id='word_1_186' title='bbox 1122 2363 1179 2425; x_wconf 75' lang='grc' dir='ltr'><strong><em>κοτ’</em></strong></span> <span class='ocrx_word' id='word_1_187' title='bbox 1193 2354 1394 2440; x_wconf 72' lang='grc' dir='ltr'><strong><em>εόσεβείαςιλ</em></strong></span> 
     </span>
     <span class='ocr_line' id='line_1_24' title="bbox 254 2463 1363 2552; baseline -0.01 -19"><span class='ocrx_word' id='word_1_188' title='bbox 254 2469 310 2533; x_wconf 76' lang='grc' dir='ltr'><strong><em>κατ’</em></strong></span> <span class='ocrx_word' id='word_1_189' title='bbox 330 2465 547 2552; x_wconf 70' lang='grc' dir='ltr'><strong><em>καθαρότητος</em></strong></span> <span class='ocrx_word' id='word_1_190' title='bbox 576 2463 724 2545; x_wconf 82' lang='grc' dir='ltr'><strong><em>έκθόμως</em></strong></span> <span class='ocrx_word' id='word_1_191' title='bbox 755 2476 879 2551; x_wconf 77' lang='grc' dir='ltr'><strong><em>τηρεῖν,</em></strong></span> <span class='ocrx_word' id='word_1_192' title='bbox 914 2463 1000 2547; x_wconf 77' lang='grc' dir='ltr'><strong><em>ὅμως</em></strong></span> <span class='ocrx_word' id='word_1_193' title='bbox 1020 2470 1058 2551; x_wconf 79' lang='grc' dir='ltr'><strong><em>τῇ</em></strong></span> <span class='ocrx_word' id='word_1_194' title='bbox 1078 2465 1202 2550; x_wconf 78' lang='grc' dir='ltr'><strong><em>φυσικῇ</em></strong></span> <span class='ocrx_word' id='word_1_195' title='bbox 1222 2468 1363 2542; x_wconf 77' lang='grc' dir='ltr'><strong><em>μεγαλο-</em></strong></span> 
     </span>
     <span class='ocr_line' id='line_1_25' title="bbox 257 2560 1364 2659; baseline -0.01 -25"><span class='ocrx_word' id='word_1_196' title='bbox 257 2570 401 2656; x_wconf 78' lang='grc' dir='ltr'><strong><em>φροσύνῃ</em></strong></span> <span class='ocrx_word' id='word_1_197' title='bbox 424 2569 501 2651; x_wconf 84' lang='grc' dir='ltr'><strong><em>πρὸς</em></strong></span> <span class='ocrx_word' id='word_1_198' title='bbox 524 2568 581 2643; x_wconf 84' lang='grc' dir='ltr'><strong><em>τάς</em></strong></span> <span class='ocrx_word' id='word_1_199' title='bbox 605 2569 722 2631; x_wconf 82' lang='grc' dir='ltr'><strong><em>τούτων</em></strong></span> <span class='ocrx_word' id='word_1_200' title='bbox 754 2565 995 2650; x_wconf 80' lang='grc' dir='ltr'><strong><em>παρατηρήσεις</em></strong></span> <span class='ocrx_word' id='word_1_201' title='bbox 1025 2566 1182 2659; x_wconf 71' lang='grc' dir='ltr'><strong><em>νουνεχῶς</em></strong></span> <span class='ocrx_word' id='word_1_202' title='bbox 1205 2560 1364 2627; x_wconf 80' lang='grc' dir='ltr'><strong><em>ε’τιαιόεά-</em></strong></span> 
     </span>
     <span class='ocr_line' id='line_1_26' title="bbox 256 2662 1360 2756; baseline -0.001 -26"><span class='ocrx_word' id='word_1_203' title='bbox 256 2690 339 2749; x_wconf 89' lang='grc' dir='ltr'><strong><em>οντο,</em></strong></span> <span class='ocrx_word' id='word_1_204' title='bbox 358 2669 412 2733; x_wconf 78' lang='grc' dir='ltr'><strong><em>καί</em></strong></span> <span class='ocrx_word' id='word_1_205' title='bbox 434 2666 521 2752; x_wconf 85' lang='grc' dir='ltr'><strong><em>εἴπερ</em></strong></span> <span class='ocrx_word' id='word_1_206' title='bbox 544 2672 618 2733; x_wconf 85' lang='grc' dir='ltr'><strong><em>ποτὲ</em></strong></span> <span class='ocrx_word' id='word_1_207' title='bbox 638 2672 754 2753; x_wconf 82' lang='grc' dir='ltr'><strong><em>συνέβη</em></strong></span> <span class='ocrx_word' id='word_1_208' title='bbox 777 2669 815 2753; x_wconf 76' lang='grc' dir='ltr'><strong><em>τῇ</em></strong></span> <span class='ocrx_word' id='word_1_209' title='bbox 830 2668 938 2756; x_wconf 80' lang='grc' dir='ltr'><strong><em>Ῥῶμη</em></strong></span> <span class='ocrx_word' id='word_1_210' title='bbox 959 2667 1020 2734; x_wconf 89' lang='grc' dir='ltr'><strong><em>εἴτε</em></strong></span> <span class='ocrx_word' id='word_1_211' title='bbox 1035 2662 1125 2751; x_wconf 76' lang='grc' dir='ltr'><strong><em>ἥττης</em></strong></span> <span class='ocrx_word' id='word_1_212' title='bbox 1148 2664 1360 2749; x_wconf 78' lang='grc' dir='ltr'><strong><em>δοσιλὴρημο</em></strong></span> 
     </span>
    </p>
   </div>
   <div class='ocr_carea' id='block_1_5' title="bbox 328 2850 614 2924">
    <p class='ocr_par' dir='ltr' id='par_1_6' title="bbox 328 2850 614 2924">
     <span class='ocr_line' id='line_1_27' title="bbox 328 2850 614 2924; baseline -0.003 -21"><span class='ocrx_word' id='word_1_213' title='bbox 328 2850 370 2903; x_wconf 82' lang='lat'><strong><em>18.</em></strong></span> <span class='ocrx_word' id='word_1_214' title='bbox 390 2854 567 2924; x_wconf 75' lang='grc' dir='ltr'><strong><em>νομοθεσίας</em></strong></span> <span class='ocrx_word' id='word_1_215' title='bbox 584 2850 614 2907; x_wconf 80' lang='grc'><strong><em>0.</em></strong></span> 
     </span>
    </p>
   </div>
   <div class='ocr_carea' id='block_1_6' title="bbox 255 3033 1359 4249">
    <p class='ocr_par' dir='ltr' id='par_1_7' title="bbox 255 3033 1359 4249">
     <span class='ocr_line' id='line_1_28' title="bbox 258 3033 1359 3105; baseline -0.001 -16"><span class='ocrx_word' id='word_1_216' title='bbox 258 3033 376 3089; x_wconf 83' lang='lat' dir='ltr'><strong>habeant</strong></span> <span class='ocrx_word' id='word_1_217' title='bbox 396 3049 452 3101; x_wconf 80' lang='lat' dir='ltr'><strong>eos,</strong></span> <span class='ocrx_word' id='word_1_218' title='bbox 473 3034 519 3103; x_wconf 89' lang='lat' dir='ltr'><strong><em>qui</em></strong></span> <span class='ocrx_word' id='word_1_219' title='bbox 539 3034 656 3088; x_wconf 83' lang='lat' dir='ltr'><strong>calleant</strong></span> <span class='ocrx_word' id='word_1_220' title='bbox 675 3036 856 3105; x_wconf 82' lang='lat' dir='ltr'><strong>cognitionem</strong></span> <span class='ocrx_word' id='word_1_221' title='bbox 874 3036 1015 3088; x_wconf 89' lang='lat' dir='ltr'><strong>multarum</strong></span> <span class='ocrx_word' id='word_1_222' title='bbox 1039 3036 1210 3089; x_wconf 77' lang='lat' dir='ltr'>historiarum</span> <span class='ocrx_word' id='word_1_223' title='bbox 1225 3044 1255 3088; x_wconf 88' lang='lat' dir='ltr'><strong>et</strong></span> <span class='ocrx_word' id='word_1_224' title='bbox 1272 3051 1359 3089; x_wconf 89' lang='lat' dir='ltr'><strong>rernm</strong></span> 
     </span>
     <span class='ocr_line' id='line_1_29' title="bbox 260 3107 1359 3176; baseline -0.001 -17"><span class='ocrx_word' id='word_1_225' title='bbox 260 3115 287 3159; x_wconf 91' lang='lat' dir='ltr'><strong>et</strong></span> <span class='ocrx_word' id='word_1_226' title='bbox 305 3108 425 3159; x_wconf 81' lang='lat' dir='ltr'><strong>fortunas</strong></span> <span class='ocrx_word' id='word_1_227' title='bbox 446 3107 599 3173; x_wconf 88' lang='lat' dir='ltr'><strong>splendidas</strong></span> <span class='ocrx_word' id='word_1_228' title='bbox 618 3115 644 3158; x_wconf 89' lang='lat' dir='ltr'><strong>et</strong></span> <span class='ocrx_word' id='word_1_229' title='bbox 667 3108 791 3170; x_wconf 90' lang='lat' dir='ltr'><strong>humiles,</strong></span> <span class='ocrx_word' id='word_1_230' title='bbox 814 3117 885 3160; x_wconf 92' lang='lat' dir='ltr'><strong>ortas</strong></span> <span class='ocrx_word' id='word_1_231' title='bbox 908 3111 994 3161; x_wconf 88' lang='lat' dir='ltr'><strong>causis</strong></span> <span class='ocrx_word' id='word_1_232' title='bbox 1013 3108 1238 3161; x_wconf 75' lang='lat' dir='ltr'><strong>manifestissimis</strong></span> <span class='ocrx_word' id='word_1_233' title='bbox 1267 3111 1359 3176; x_wconf 85' lang='lat' dir='ltr'><strong>partini</strong></span> 
     </span>
     <span class='ocr_line' id='line_1_30' title="bbox 256 3179 1359 3248; baseline -0.005 -17"><span class='ocrx_word' id='word_1_234' title='bbox 256 3181 298 3231; x_wconf 87' lang='lat' dir='ltr'><strong><em>ira</em></strong></span> <span class='ocrx_word' id='word_1_235' title='bbox 317 3180 408 3232; x_wconf 82' lang='lat' dir='ltr'><strong>divina</strong></span> <span class='ocrx_word' id='word_1_236' title='bbox 428 3180 546 3245; x_wconf 87' lang='lat' dir='ltr'><strong>peccatis</strong></span> <span class='ocrx_word' id='word_1_237' title='bbox 567 3179 742 3231; x_wconf 88' lang='lat' dir='ltr'><strong>vehementer</strong></span> <span class='ocrx_word' id='word_1_238' title='bbox 760 3180 848 3230; x_wconf 87' lang='lat' dir='ltr'><strong>addita</strong></span> <span class='ocrx_word' id='word_1_239' title='bbox 866 3182 959 3245; x_wconf 89' lang='lat' dir='ltr'><strong>partim</strong></span> <span class='ocrx_word' id='word_1_240' title='bbox 986 3179 1106 3232; x_wconf 90' lang='lat' dir='ltr'><strong>consiliis</strong></span> <span class='ocrx_word' id='word_1_241' title='bbox 1130 3181 1240 3231; x_wconf 90' lang='lat' dir='ltr'><strong>minutis</strong></span> <span class='ocrx_word' id='word_1_242' title='bbox 1272 3188 1302 3231; x_wconf 86' lang='lat' dir='ltr'><strong>et</strong></span> <span class='ocrx_word' id='word_1_243' title='bbox 1318 3182 1359 3248; x_wconf 74' lang='lat' dir='ltr'><strong><em>ig.</em></strong></span> 
     </span>
     <span class='ocr_line' id='line_1_31' title="bbox 256 3250 1358 3317; baseline -0.001 -14"><span class='ocrx_word' id='word_1_244' title='bbox 256 3250 394 3303; x_wconf 87' lang='lat' dir='ltr'><strong>nobilibus</strong></span> <span class='ocrx_word' id='word_1_245' title='bbox 414 3250 491 3302; x_wconf 88' lang='lat' dir='ltr'><strong>etad</strong></span> <span class='ocrx_word' id='word_1_246' title='bbox 509 3265 626 3302; x_wconf 87' lang='lat' dir='ltr'><strong>resnou</strong></span> <span class='ocrx_word' id='word_1_247' title='bbox 645 3252 723 3317; x_wconf 85' lang='lat' dir='ltr'><strong>aptis,</strong></span> <span class='ocrx_word' id='word_1_248' title='bbox 745 3250 844 3301; x_wconf 87' lang='lat' dir='ltr'><strong>nnllam</strong></span> <span class='ocrx_word' id='word_1_249' title='bbox 873 3252 1002 3302; x_wconf 87' lang='lat' dir='ltr'><strong>rationem</strong></span> <span class='ocrx_word' id='word_1_250' title='bbox 1021 3267 1112 3303; x_wconf 88' lang='lat' dir='ltr'><strong>eorum</strong></span> <span class='ocrx_word' id='word_1_251' title='bbox 1136 3250 1282 3302; x_wconf 85' lang='lat' dir='ltr'><strong>habuerint</strong></span> <span class='ocrx_word' id='word_1_252' title='bbox 1310 3268 1358 3302; x_wconf 85' lang='lat' dir='ltr'><strong>ne·</strong></span> 
     </span>
     <span class='ocr_line' id='line_1_32' title="bbox 259 3322 1357 3390; baseline -0.004 -17"><span class='ocrx_word' id='word_1_253' title='bbox 259 3339 312 3390; x_wconf 86' lang='lat' dir='ltr'><strong>que</strong></span> <span class='ocrx_word' id='word_1_254' title='bbox 332 3323 456 3373; x_wconf 84' lang='lat' dir='ltr'><strong>studeant</strong></span> <span class='ocrx_word' id='word_1_255' title='bbox 475 3337 568 3373; x_wconf 79' lang='lat' dir='ltr'><strong>causas</strong></span> <span class='ocrx_word' id='word_1_256' title='bbox 588 3336 766 3387; x_wconf 78' lang='lat' dir='ltr'><strong>cognoscere,</strong></span> <span class='ocrx_word' id='word_1_257' title='bbox 786 3322 881 3389; x_wconf 89' lang='lat' dir='ltr'><strong>quibus</strong></span> <span class='ocrx_word' id='word_1_258' title='bbox 902 3322 967 3373; x_wconf 86' lang='lat' dir='ltr'><strong>talia</strong></span> <span class='ocrx_word' id='word_1_259' title='bbox 984 3322 1054 3374; x_wconf 89' lang='lat' dir='ltr'><strong>mala</strong></span> <span class='ocrx_word' id='word_1_260' title='bbox 1075 3322 1236 3375; x_wconf 86' lang='lat' dir='ltr'><strong>Graecorum</strong></span> <span class='ocrx_word' id='word_1_261' title='bbox 1247 3324 1357 3388; x_wconf 86' lang='lat' dir='ltr'><strong>irnperio</strong></span> 
     </span>
     <span class='ocr_line' id='line_1_33' title="bbox 257 3392 1357 3461; baseline -0.002 -16"><span class='ocrx_word' id='word_1_262' title='bbox 257 3393 389 3455; x_wconf 81' lang='lat' dir='ltr'><strong>accidant,</strong></span> <span class='ocrx_word' id='word_1_263' title='bbox 408 3392 455 3443; x_wconf 93' lang='lat' dir='ltr'><strong><em>sed</em></strong></span> <span class='ocrx_word' id='word_1_264' title='bbox 475 3401 550 3444; x_wconf 84' lang='lat' dir='ltr'><strong>extra</strong></span> <span class='ocrx_word' id='word_1_265' title='bbox 570 3408 647 3444; x_wconf 90' lang='lat' dir='ltr'><strong>omne</strong></span> <span class='ocrx_word' id='word_1_266' title='bbox 666 3393 808 3446; x_wconf 89' lang='lat' dir='ltr'><strong>consilinm</strong></span> <span class='ocrx_word' id='word_1_267' title='bbox 826 3394 877 3444; x_wconf 91' lang='lat' dir='ltr'><strong>deo</strong></span> <span class='ocrx_word' id='word_1_268' title='bbox 896 3404 1035 3461; x_wconf 85' lang='lat' dir='ltr'><strong>acceptum</strong></span> <span class='ocrx_word' id='word_1_269' title='bbox 1055 3402 1082 3445; x_wconf 89' lang='lat' dir='ltr'><strong><em>ot</em></strong></span> <span class='ocrx_word' id='word_1_270' title='bbox 1113 3394 1214 3445; x_wconf 84' lang='lat' dir='ltr'><strong>cultum</strong></span> <span class='ocrx_word' id='word_1_271' title='bbox 1245 3394 1357 3445; x_wconf 89' lang='lat' dir='ltr'><strong>numinis</strong></span> 
     </span>
     <span class='ocr_line' id='line_1_34' title="bbox 257 3463 1357 3532; baseline -0.002 -16"><span class='ocrx_word' id='word_1_272' title='bbox 257 3464 342 3517; x_wconf 88' lang='lat' dir='ltr'><strong>divini</strong></span> <span class='ocrx_word' id='word_1_273' title='bbox 366 3470 392 3515; x_wconf 89' lang='lat' dir='ltr'><strong>et</strong></span> <span class='ocrx_word' id='word_1_274' title='bbox 410 3464 609 3515; x_wconf 85' lang='lat' dir='ltr'><strong>restitutionem</strong></span> <span class='ocrx_word' id='word_1_275' title='bbox 629 3463 719 3531; x_wconf 88' lang='lat' dir='ltr'><strong>legum</strong></span> <span class='ocrx_word' id='word_1_276' title='bbox 751 3465 893 3531; x_wconf 89' lang='lat' dir='ltr'><strong>patriarum</strong></span> <span class='ocrx_word' id='word_1_277' title='bbox 921 3467 1033 3530; x_wconf 88' lang='lat' dir='ltr'><strong>versati,</strong></span> <span class='ocrx_word' id='word_1_278' title='bbox 1058 3465 1243 3532; x_wconf 81' lang='lat' dir='ltr'><strong>imprudenter</strong></span> <span class='ocrx_word' id='word_1_279' title='bbox 1272 3474 1300 3515; x_wconf 88' lang='lat' dir='ltr'><strong>et</strong></span> <span class='ocrx_word' id='word_1_280' title='bbox 1317 3468 1357 3516; x_wconf 88' lang='lat' dir='ltr'><strong><em>in.</em></strong></span> 
     </span>
     <span class='ocr_line' id='line_1_35' title="bbox 256 3533 1357 3603; baseline -0.003 -15"><span class='ocrx_word' id='word_1_281' title='bbox 256 3536 361 3588; x_wconf 86' lang='lat' dir='ltr'><strong>cautius</strong></span> <span class='ocrx_word' id='word_1_282' title='bbox 381 3536 408 3585; x_wconf 92' lang='lat' dir='ltr'><strong><em>in</em></strong></span> <span class='ocrx_word' id='word_1_283' title='bbox 426 3533 500 3587; x_wconf 89' lang='lat' dir='ltr'><strong>bella</strong></span> <span class='ocrx_word' id='word_1_284' title='bbox 519 3551 614 3603; x_wconf 88' lang='lat' dir='ltr'><strong>magna</strong></span> <span class='ocrx_word' id='word_1_285' title='bbox 634 3542 660 3585; x_wconf 89' lang='lat' dir='ltr'><strong>et</strong></span> <span class='ocrx_word' id='word_1_286' title='bbox 681 3536 810 3602; x_wconf 88' lang='lat' dir='ltr'><strong>pericula,</strong></span> <span class='ocrx_word' id='word_1_287' title='bbox 830 3550 885 3587; x_wconf 89' lang='lat' dir='ltr'><strong><em>non</em></strong></span> <span class='ocrx_word' id='word_1_288' title='bbox 903 3545 981 3589; x_wconf 88' lang='lat' dir='ltr'><strong>antea</strong></span> <span class='ocrx_word' id='word_1_289' title='bbox 1009 3538 1059 3589; x_wconf 92' lang='lat' dir='ltr'><strong>deo</strong></span> <span class='ocrx_word' id='word_1_290' title='bbox 1087 3538 1216 3603; x_wconf 87' lang='lat' dir='ltr'><strong>placato,</strong></span> <span class='ocrx_word' id='word_1_291' title='bbox 1245 3537 1357 3588; x_wconf 85' lang='lat' dir='ltr'><strong>Graecos</strong></span> 
     </span>
     <span class='ocr_line' id='line_1_36' title="bbox 256 3606 1358 3673; baseline -0.003 -15"><span class='ocrx_word' id='word_1_292' title='bbox 256 3608 391 3659; x_wconf 87' lang='lat' dir='ltr'><strong>exercitus</strong></span> <span class='ocrx_word' id='word_1_293' title='bbox 414 3607 511 3657; x_wconf 89' lang='lat' dir='ltr'><strong>ducant</strong></span> <span class='ocrx_word' id='word_1_294' title='bbox 530 3614 557 3656; x_wconf 89' lang='lat' dir='ltr'><strong>et</strong></span> <span class='ocrx_word' id='word_1_295' title='bbox 575 3606 644 3657; x_wconf 90' lang='lat' dir='ltr'><strong>male</strong></span> <span class='ocrx_word' id='word_1_296' title='bbox 663 3607 751 3657; x_wconf 82' lang='lat' dir='ltr'><strong>affecti</strong></span> <span class='ocrx_word' id='word_1_297' title='bbox 772 3615 799 3657; x_wconf 89' lang='lat' dir='ltr'><strong>et</strong></span> <span class='ocrx_word' id='word_1_298' title='bbox 816 3608 882 3658; x_wconf 91' lang='lat' dir='ltr'><strong>victi</strong></span> <span class='ocrx_word' id='word_1_299' title='bbox 902 3608 1057 3673; x_wconf 89' lang='lat' dir='ltr'><strong>crudeliter,</strong></span> <span class='ocrx_word' id='word_1_300' title='bbox 1076 3623 1129 3659; x_wconf 94' lang='lat' dir='ltr'><strong><em>non</em></strong></span> <span class='ocrx_word' id='word_1_301' title='bbox 1148 3608 1358 3661; x_wconf 82' lang='lat' dir='ltr'><strong>animadvertant</strong></span> 
     </span>
     <span class='ocr_line' id='line_1_37' title="bbox 255 3675 1357 3747; baseline -0.004 -16"><span class='ocrx_word' id='word_1_302' title='bbox 255 3679 372 3731; x_wconf 83' lang='lat' dir='ltr'><strong>divinam</strong></span> <span class='ocrx_word' id='word_1_303' title='bbox 393 3675 531 3729; x_wconf 91' lang='lat' dir='ltr'><strong>ultionem.</strong></span> <span class='ocrx_word' id='word_1_304' title='bbox 570 3678 616 3729; x_wconf 91' lang='lat' dir='ltr'><strong><em>sed</em></strong></span> <span class='ocrx_word' id='word_1_305' title='bbox 631 3678 712 3745; x_wconf 84' lang='lat' dir='ltr'><strong>prisci</strong></span> <span class='ocrx_word' id='word_1_306' title='bbox 731 3677 844 3729; x_wconf 85' lang='lat' dir='ltr'><strong>Romani</strong></span> <span class='ocrx_word' id='word_1_307' title='bbox 861 3693 915 3729; x_wconf 85' lang='lat' dir='ltr'><strong><em>non</em></strong></span> <span class='ocrx_word' id='word_1_308' title='bbox 934 3680 974 3731; x_wconf 90' lang='lat' dir='ltr'><strong><em>sic</em></strong></span> <span class='ocrx_word' id='word_1_309' title='bbox 987 3686 1110 3747; x_wconf 89' lang='lat' dir='ltr'><strong>agentes,</strong></span> <span class='ocrx_word' id='word_1_310' title='bbox 1137 3678 1275 3730; x_wconf 68' lang='lat' dir='ltr'><strong>terribiles</strong></span> <span class='ocrx_word' id='word_1_311' title='bbox 1300 3679 1357 3730; x_wconf 82' lang='lat' dir='ltr'><strong>ilias</strong></span> 
     </span>
     <span class='ocr_line' id='line_1_38' title="bbox 257 3747 1357 3820; baseline -0.001 -19"><span class='ocrx_word' id='word_1_312' title='bbox 257 3758 285 3801; x_wconf 91' lang='lat' dir='ltr'><strong>et</strong></span> <span class='ocrx_word' id='word_1_313' title='bbox 304 3764 407 3817; x_wconf 87' lang='lat' dir='ltr'><strong>pugnas</strong></span> <span class='ocrx_word' id='word_1_314' title='bbox 428 3758 454 3800; x_wconf 90' lang='lat' dir='ltr'><strong>et</strong></span> <span class='ocrx_word' id='word_1_315' title='bbox 473 3748 658 3815; x_wconf 82' lang='lat' dir='ltr'><strong>expeditiones</strong></span> <span class='ocrx_word' id='word_1_316' title='bbox 685 3747 804 3801; x_wconf 77' lang='lat' dir='ltr'><strong>feliciter</strong></span> <span class='ocrx_word' id='word_1_317' title='bbox 827 3750 965 3817; x_wconf 87' lang='lat' dir='ltr'><strong>agebant:</strong></span> <span class='ocrx_word' id='word_1_318' title='bbox 985 3759 1011 3802; x_wconf 89' lang='lat' dir='ltr'><strong>at</strong></span> <span class='ocrx_word' id='word_1_319' title='bbox 1038 3766 1196 3820; x_wconf 84' lang='lat' dir='ltr'><strong>quamquam</strong></span> <span class='ocrx_word' id='word_1_320' title='bbox 1222 3750 1300 3801; x_wconf 87' lang='lat' dir='ltr'><strong>verbi</strong></span> <span class='ocrx_word' id='word_1_321' title='bbox 1318 3750 1357 3801; x_wconf 89' lang='lat' dir='ltr'><strong><em>di-</em></strong></span> 
     </span>
     <span class='ocr_line' id='line_1_39' title="bbox 257 3821 1357 3887; baseline -0.004 -16"><span class='ocrx_word' id='word_1_322' title='bbox 257 3822 326 3883; x_wconf 81' lang='lat' dir='ltr'><strong>vini‚</strong></span> <span class='ocrx_word' id='word_1_323' title='bbox 344 3822 459 3885; x_wconf 75' lang='lat' dir='ltr'><strong>mystico</strong></span> <span class='ocrx_word' id='word_1_324' title='bbox 478 3828 504 3872; x_wconf 90' lang='lat' dir='ltr'><strong>et</strong></span> <span class='ocrx_word' id='word_1_325' title='bbox 523 3836 602 3887; x_wconf 86' lang='lat' dir='ltr'><strong>supra</strong></span> <span class='ocrx_word' id='word_1_326' title='bbox 619 3828 738 3872; x_wconf 88' lang='lat' dir='ltr'><strong>naturam</strong></span> <span class='ocrx_word' id='word_1_327' title='bbox 759 3821 836 3872; x_wconf 91' lang='lat' dir='ltr'><strong>modo</strong></span> <span class='ocrx_word' id='word_1_328' title='bbox 853 3822 984 3873; x_wconf 88' lang='lat' dir='ltr'><strong>incarnati</strong></span> <span class='ocrx_word' id='word_1_329' title='bbox 1004 3824 1075 3874; x_wconf 90' lang='lat' dir='ltr'><strong>etin</strong></span> <span class='ocrx_word' id='word_1_330' title='bbox 1100 3822 1152 3872; x_wconf 87' lang='lat' dir='ltr'><strong><em>hoo</em></strong></span> <span class='ocrx_word' id='word_1_331' title='bbox 1176 3821 1275 3872; x_wconf 89' lang='lat' dir='ltr'><strong>mundo</strong></span> <span class='ocrx_word' id='word_1_332' title='bbox 1296 3836 1357 3875; x_wconf 80' lang='lat' dir='ltr'><strong>rer.</strong></span> 
     </span>
     <span class='ocr_line' id='line_1_40' title="bbox 262 3889 1358 3960; baseline -0.003 -17"><span class='ocrx_word' id='word_1_333' title='bbox 262 3892 313 3943; x_wconf 84' lang='lat' dir='ltr'><strong>sati</strong></span> <span class='ocrx_word' id='word_1_334' title='bbox 331 3889 420 3957; x_wconf 88' lang='lat' dir='ltr'><strong>legem</strong></span> <span class='ocrx_word' id='word_1_335' title='bbox 438 3907 492 3943; x_wconf 93' lang='lat' dir='ltr'><strong><em>non</em></strong></span> <span class='ocrx_word' id='word_1_336' title='bbox 512 3901 673 3958; x_wconf 86' lang='lat' dir='ltr'><strong>acceperant</strong></span> <span class='ocrx_word' id='word_1_337' title='bbox 691 3893 722 3944; x_wconf 91' lang='lat' dir='ltr'><strong>ad</strong></span> <span class='ocrx_word' id='word_1_338' title='bbox 742 3891 854 3945; x_wconf 89' lang='lat' dir='ltr'><strong>colenda</strong></span> <span class='ocrx_word' id='word_1_339' title='bbox 874 3894 965 3945; x_wconf 86' lang='lat' dir='ltr'><strong>diviua</strong></span> <span class='ocrx_word' id='word_1_340' title='bbox 985 3901 1012 3944; x_wconf 88' lang='lat' dir='ltr'><strong>et</strong></span> <span class='ocrx_word' id='word_1_341' title='bbox 1026 3895 1154 3946; x_wconf 78' lang='lat' dir='ltr'><strong>virtutem</strong></span> <span class='ocrx_word' id='word_1_342' title='bbox 1175 3894 1316 3960; x_wconf 85' lang='lat' dir='ltr'><strong>petendam</strong></span> <span class='ocrx_word' id='word_1_343' title='bbox 1334 3899 1358 3942; x_wconf 87' lang='lat' dir='ltr'><strong>et</strong></span> 
     </span>
     <span class='ocr_line' id='line_1_41' title="bbox 260 3958 1358 4032; baseline 0.005 -20"><span class='ocrx_word' id='word_1_344' title='bbox 260 3958 338 4025; x_wconf 88' lang='lat' dir='ltr'><strong>leges</strong></span> <span class='ocrx_word' id='word_1_345' title='bbox 358 3962 565 4016; x_wconf 86' lang='lat' dir='ltr'><strong>beneficientiae</strong></span> <span class='ocrx_word' id='word_1_346' title='bbox 585 3972 611 4013; x_wconf 89' lang='lat' dir='ltr'><strong>et</strong></span> <span class='ocrx_word' id='word_1_347' title='bbox 628 3965 783 4031; x_wconf 83' lang='lat' dir='ltr'><strong>pictatiset</strong></span> <span class='ocrx_word' id='word_1_348' title='bbox 802 3965 964 4032; x_wconf 81' lang='lat' dir='ltr'><strong>integritatis</strong></span> <span class='ocrx_word' id='word_1_349' title='bbox 982 3966 1100 4017; x_wconf 86' lang='lat' dir='ltr'><strong>studiose</strong></span> <span class='ocrx_word' id='word_1_350' title='bbox 1118 3964 1310 4030; x_wconf 84' lang='lat' dir='ltr'><strong>observandas,</strong></span> <span class='ocrx_word' id='word_1_351' title='bbox 1320 3974 1358 4016; x_wconf 80' lang='lat' dir='ltr'><strong>ta-</strong></span> 
     </span>
     <span class='ocr_line' id='line_1_42' title="bbox 256 4032 1359 4105; baseline 0.004 -23"><span class='ocrx_word' id='word_1_352' title='bbox 256 4045 319 4082; x_wconf 91' lang='lat' dir='ltr'><strong>men</strong></span> <span class='ocrx_word' id='word_1_353' title='bbox 343 4032 458 4084; x_wconf 85' lang='lat' dir='ltr'><strong>naturali</strong></span> <span class='ocrx_word' id='word_1_354' title='bbox 478 4036 695 4102; x_wconf 83' lang='lat' dir='ltr'><strong>magnanimitate</strong></span> <span class='ocrx_word' id='word_1_355' title='bbox 714 4036 747 4087; x_wconf 91' lang='lat' dir='ltr'><strong>ad</strong></span> <span class='ocrx_word' id='word_1_356' title='bbox 769 4036 859 4087; x_wconf 83' lang='lat' dir='ltr'><strong>harum</strong></span> <span class='ocrx_word' id='word_1_357' title='bbox 878 4051 967 4087; x_wconf 91' lang='lat' dir='ltr'><strong>rerum</strong></span> <span class='ocrx_word' id='word_1_358' title='bbox 986 4036 1202 4089; x_wconf 79' lang='lat' dir='ltr'><strong>observationem</strong></span> <span class='ocrx_word' id='word_1_359' title='bbox 1219 4039 1359 4105; x_wconf 82' lang='lat' dir='ltr'><strong>prudenter</strong></span> 
     </span>
     <span class='ocr_line' id='line_1_43' title="bbox 259 4102 1359 4175; baseline 0.003 -21"><span class='ocrx_word' id='word_1_360' title='bbox 259 4102 441 4155; x_wconf 87' lang='lat' dir='ltr'><strong>educabantur</strong></span> <span class='ocrx_word' id='word_1_361' title='bbox 463 4114 544 4175; x_wconf 88' lang='lat' dir='ltr'><strong>atque</strong></span> <span class='ocrx_word' id='word_1_362' title='bbox 565 4108 713 4175; x_wconf 81' lang='lat' dir='ltr'><strong>siquando</strong></span> <span class='ocrx_word' id='word_1_363' title='bbox 744 4107 842 4158; x_wconf 89' lang='lat' dir='ltr'><strong>accidit</strong></span> <span class='ocrx_word' id='word_1_364' title='bbox 869 4108 969 4159; x_wconf 86' lang='lat' dir='ltr'><strong>Romae</strong></span> <span class='ocrx_word' id='word_1_365' title='bbox 993 4110 1052 4162; x_wconf 82' lang='lat' dir='ltr'><strong>aive</strong></span> <span class='ocrx_word' id='word_1_366' title='bbox 1081 4109 1164 4160; x_wconf 87' lang='lat' dir='ltr'><strong>cladis</strong></span> <span class='ocrx_word' id='word_1_367' title='bbox 1191 4109 1359 4161; x_wconf 82' lang='lat' dir='ltr'><strong>intormninn</strong></span> 
     </span>
     <span class='ocr_line' id='line_1_44' title="bbox 260 4174 1358 4249; baseline -0.001 -16"><span class='ocrx_word' id='word_1_368' title='bbox 260 4174 324 4233; x_wconf 78' lang='lat' dir='ltr'><strong>sive</strong></span> <span class='ocrx_word' id='word_1_369' title='bbox 341 4181 371 4229; x_wconf 86' lang='lat' dir='ltr'><strong><em>nt</em></strong></span> <span class='ocrx_word' id='word_1_370' title='bbox 388 4174 493 4242; x_wconf 83' lang='lat' dir='ltr'><strong>signum</strong></span> <span class='ocrx_word' id='word_1_371' title='bbox 511 4192 566 4231; x_wconf 90' lang='lat' dir='ltr'><strong><em>non</em></strong></span> <span class='ocrx_word' id='word_1_372' title='bbox 587 4177 702 4231; x_wconf 82' lang='lat' dir='ltr'><strong>faustum</strong></span> <span class='ocrx_word' id='word_1_373' title='bbox 727 4186 878 4245; x_wconf 82' lang='lat' dir='ltr'><strong>appareret,</strong></span> <span class='ocrx_word' id='word_1_374' title='bbox 895 4180 1004 4231; x_wconf 87' lang='lat' dir='ltr'><strong>multam</strong></span> <span class='ocrx_word' id='word_1_375' title='bbox 1025 4180 1201 4235; x_wconf 86' lang='lat' dir='ltr'><strong>instituebant</strong></span> <span class='ocrx_word' id='word_1_376' title='bbox 1209 4181 1358 4249; x_wconf 76' lang='lat' dir='ltr'><strong>interroga·</strong></span> 
     </span>
    </p>
   </div>
   <div class='ocr_carea' id='block_1_7' title="bbox 0 0 1431 4750">
    <p class='ocr_par' dir='ltr' id='par_1_8' title="bbox 0 0 1431 4750">
     <span class='ocr_line' id='line_1_45' title="bbox 0 0 1431 4750; baseline 0 0"><span class='ocrx_word' id='word_1_377' title='bbox 0 0 1431 4750; x_wconf 95' lang='lat' dir='ltr'><strong><em> </em></strong></span> 
     </span>
    </p>
   </div>
  </div>
 </body>
</html>
