2834 4750
400 258 402 262 ’
529 241 754 345 marona
1111 265 1187 365 με

9 467 10 472 1
48 432 92 496 δὲ
120 437 255 515 ζῶντες
276 437 580 526 ᾗχμαλατιλτθησαν.
624 438 740 518 ὁμοίως
761 441 798 504 δὲ
818 441 874 504 καί
891 439 981 527 παρὰ
1004 445 1067 510 τάν
1089 438 1184 513 ἵστα.

46 537 134 599 ταῖν.
187 541 419 624 συνηθροίσθη
439 539 474 601 δὲ
497 541 553 602 καί
570 540 861 625 λαφυραγωγίαόκ
876 544 933 624 τῆς
952 544 1079 611 ἐκείνοιν
1100 545 1185 612 ἀπο·-

46 637 200 718 σιιευῆς,
228 637 288 703 ’καί
305 641 364 702 τοτ’
382 640 587 726 αόταάίλφου
609 643 666 704 τοῦ
678 643 858 731 Βρυεννίου
881 641 1029 726 όχὴματα
1047 647 1184 730 πράοινα

48 737 114 800 καί
137 730 242 802 όττλα
265 739 318 803 καί
339 737 516 822 σημαντρα.

18 834 38 885 5
166 837 434 905 Ἐπανελθόντων
451 842 486 904 δὲ
506 842 568 906 τῶν
581 844 637 906 τοῦ
656 845 814 923 βασιλέως
833 845 1036 928 στρατιωτῶν
1056 844 1102 919 εἰς
1124 844 1184 909 ου’.

48 939 128 1016 τόν,
167 941 268 1024 χαρά
291 964 339 1016 τις
365 944 475 1006 τοῦτον
503 945 558 1009 καί
578 942 658 1020 τούς
674 948 750 1029 περί
767 942 867 1010 αὐτόν
897 950 1079 1030 περιέλαβε.
1121 955 1186 1023 τοῖς

51 1041 94 1105 δὲ
120 1045 331 1120 Βυζαντίοις
358 1043 452 1107 ου’όὲν
479 1041 602 1128 τούτων
630 1047 814 1127 θεραπεῦον
840 1045 1023 1127 ἐδείκνυτο,
1057 1041 1109 1113 ότι
1129 1044 1186 1132 την

51 1143 122 1204 τοῦ
147 1144 322 1224 βασιλέως
349 1143 458 1228 μάχην
487 1144 620 1208 καὶτοῦ
642 1146 820 1230 Βρυεννίου
850 1145 976 1231 κόνεριν
997 1144 1184 1231 ἐλογίζοντο.

52 1235 128 1308 εἷλε
171 1240 254 1326 γάρ·
277 1239 394 1318 πάντας
423 1245 491 1310 κατ’
512 1237 612 1329 άκρας
639 1244 783 1321 enitor
816 1247 873 1329 τῆς
900 1247 957 1312 τοῦ
983 1244 1183 1313 Βατανιότου

8 1354 42 1408 [0
51 1344 316 1429 χρηστότητος,
346 1346 473 1431 ἐπείπερ
508 1347 675 1430 ἐγίνωσκον
705 1348 807 1410 ου’τοῦ
828 1345 869 1424 [ro
900 1351 989 1430 γένος
1009 1351 1185 1434 περιφανὲς

52 1443 230 1527 καὶπρὸς
252 1443 327 1521 roric
348 1443 537 1526 πολεμικούς
565 1447 689 1528 ἀγάνας
718 1443 862 1526 ἐπίδοξον
880 1445 935 1512 καί
959 1445 1101 1534 χρηστόν
1121 1457 1184 1528 τοῖς

55 1543 223 1620 πολίταις
245 1547 300 1608 καί
320 1540 523 1631 σύντροφον,
558 1549 613 1612 καί
639 1544 737 1612 αὐτὸν
759 1551 795 1613 δὲ
824 1553 1049 1633 παραπλησίαν
1071 1545 1183 1631 ἔχοντα

56 1649 109 1730 τῷ
134 1648 229 1728 γένει
250 1644 309 1728 τὴν
327 1642 453 1731 γνοόμην
475 1646 530 1710 καί
547 1645 603 1731 τήν
624 1648 758 1732 ἀνδρίαν
770 1650 825 1713 καί
837 1653 893 1732 τῆς
907 1649 1019 1735 ψυχῆς
1037 1647 1073 1714 τὸ
1096 1647 1184 1732 όγιὲς

59 1744 346 1832 ἐγκαλλιόιτιομορ
395 1747 500 1823 οὐδείς
517 1748 581 1834 γάρ
606 1739 743 1830 πόλεμος
774 1749 980 1837 ἀγανιοτικὸς
1000 1751 1057 1816 καί
1077 1749 1182 1834 βαρός

8 1839 155 1928 15είχεν
195 1845 296 1911 αάτόν
324 1845 384 1925 ἔξω
414 1854 476 1912 τῶν
500 1851 548 1912 εἰτ’
585 1851 669 1938 ariam
693 1843 1009 1935 ἀνδραγαθημάτων,
1045 1849 1181 1930 ου’όεμαλι

57 1945 264 2032 παρασκευὴ
283 1951 345 2038 τάν
369 1941 475 2032 άκρονν
499 1949 671 2034 ἀπείρατόν
692 1973 727 2014 τε
747 1952 802 2014 καί
824 1942 1001 2035 ἄγευστον,
1023 1946 1103 2015 ἀλλά
1127 1951 1183 2016 καί

60 2044 229 2121 ἀουκιιιάς
250 2045 354 2130 ἀρχάς
375 2053 430 2115 καί
452 2048 553 2125 αότάς
574 2054 724 2132 μεγίστας
743 2050 896 2136 ’φρονήσει
917 2051 974 2114 καί
993 2051 1311 2137 a'vclpt'pttet'l.2231.

61 2149 255 2230 ἀγαθότητι
282 2147 509 2233 κατεκόσμησε.
561 2149 615 2214 καί
641 2148 772 2232 ἡπόλις
799 2147 896 2215 αότάν
915 2146 1023 2234 η’γάπα
1044 2148 1097 2214 διά
1120 2147 1179 2233 τὴν

61 2240 155 2330 άγαν
179 2246 351 2313 ἐπιείκειαν
373 2251 428 2316 καί
447 2249 609 2334 πραότητα
632 2252 688 2316 καί
707 2249 742 2313 τά
767 2253 824 2333 τῆς
844 2249 952 2335 χειρὸς
973 2253 1008 2315 ἐν
1029 2251 1180 2333 πολέμοις

14 2350 124 2414 wanti
146 2340 260 2425 ὅπλοις
288 2349 543 2434 ἀκαταγάνιστον
564 2353 619 2416 καί
647 2346 681 2416 ἐν
706 2346 820 2434 δάροις
846 2351 1047 2434 ἀσύγκριτον,
1067 2353 1123 2419 καί
1143 2349 1178 2421 τό

63 2447 182 2527 δεξιόν
205 2456 260 2515 καί
280 2446 411 2536 εάχαρι,
434 2455 488 2518 καί
508 2454 541 2518 τὸ
565 2450 668 2537 πάσης
683 2452 871 2530 ἀλαζονείας
890 2446 946 2516 Ικαί
958 2451 1179 2537 ὑπερηφανίας

61 2553 243 2634 τυγχάνειν
265 2547 364 2619 αότόν
385 2554 603 2639 ὑψηλότερον,
632 2557 687 2619 καί
717 2551 750 2619 τό
772 2551 811 2639 δὴ
834 2553 953 2635 μεῖζον,
975 2554 1178 2638 ἀνέγκλητον

65 2652 205 2719 οὐδέπω
226 2653 285 2738 γάρ
308 2654 435 2719 ἀδικίαν
456 2656 666 2741 κατενειιληθη
686 2640 773 2742 παρά
796 2678 879 2733 τινος
900 2662 977 2742 παρ’
999 2649 1090 2729 όλαις
1109 2661 1179 2734 ταῖς

145 2833 192 2887 21.
212 2831 244 2887 τὸ
264 2846 306 2883 om
328 2831 358 2885 G.

69 2994 151 3063 lique
172 2997 278 3049 ratione
306 2996 384 3047 etiam
417 3011 450 3047 ex
470 2997 613 3065 equitibus.
657 3004 787 3065 congesta
809 3004 898 3047 autem
917 3004 958 3048 est
980 2997 1060 3048 etiam
1079 2993 1178 3062 praeda

15 3128 21 3135 ,
69 3082 106 3117 ex
126 3067 239 3119 illorum
258 3068 454 3135 impedimentis
473 3075 499 3119 et
518 3068 606 3119 fratris
625 3068 755 3133 Bryennii
775 3082 868 3119 currus
886 3067 987 3119 virides
1010 3075 1037 3118 et
1054 3068 1140 3135 signa.

92 3198 98 3209 .
176 3155 303 3209 Reversis
322 3164 410 3208 autem
429 3158 502 3223 regis
527 3156 655 3208 militibus
675 3156 707 3206 ad
735 3171 794 3207 eum
813 3156 937 3222 gaudium
957 3154 1086 3223 quoddam
1104 3154 1176 3206 buno
1271 3180 1273 3187 ι

69 3234 98 3277 et
119 3228 168 3292 qui
189 3227 260 3278 circa
277 3244 338 3279 eum
352 3237 435 3291 erant,
457 3229 537 3294 cepit.
574 3228 712 3293 Byzantiis
734 3235 821 3277 autem
839 3225 908 3277 nihil
926 3226 1021 3277 horum
1039 3224 1106 3276 utile
1124 3240 1175 3291 ap.

68 3298 201 3364 parebat,
228 3316 286 3351 cum
303 3302 377 3368 regis
404 3314 519 3367 pugnam
544 3307 571 3349 et
588 3298 718 3364 Bryenuii
740 3305 905 3363 reputarent.
944 3298 1088 3363 occupavit
1105 3297 1176 3348 enin

69 3384 167 3421 omnes
187 3385 313 3421 summum
332 3371 493 3423 desiderium
512 3370 618 3423 virtutis
636 3370 809 3433 Botaniataa,
838 3368 1051 3437 quandoquidem
1069 3381 1174 3434 cogno.

68 3440 186 3491 scebant
214 3443 271 3491 eins
296 3456 380 3507 genus
405 3441 505 3493 claram
530 3441 607 3493 etad
626 3439 727 3491 bellica
751 3441 895 3492 certamina
913 3440 1038 3503 illustre,
1062 3446 1089 3489 et
1107 3437 1175 3488 utile

70 3511 182 3561 civibus
204 3518 230 3559 et
247 3512 426 3576 coniunctum,
446 3521 526 3580 atque
544 3514 629 3579 ipsunt
650 3512 763 3564 similem
782 3512 883 3563 habere
902 3512 997 3580 generi
1014 3511 1174 3563 sententiam

48 3590 100 3647 ,et
120 3580 305 3631 fortitudinem
323 3590 351 3632 et
369 3583 449 3633 animi
468 3599 557 3635 sanam
574 3583 773 3652 gloriationem.
798 3581 901 3633 nullum
920 3583 990 3634 enim
1009 3580 1112 3650 bellum
1129 3581 1174 3630 in.

71 3668 142 3719 gens
167 3658 194 3701 et
212 3662 295 3717 grate
323 3652 439 3712 babebat
458 3668 517 3704 eum
542 3664 616 3707 extra
635 3655 763 3706 victorias
788 3652 878 3705 nullus
897 3662 1038 3721 apparatus
1055 3662 1173 3705 summo.

72 3739 132 3773 rum
162 3731 299 3789 expertem
319 3731 346 3774 et
364 3724 485 3788 inanem,
504 3726 550 3777 sed
576 3734 603 3775 et
627 3726 701 3777 ducis
720 3725 888 3791 magistratus
909 3734 936 3775 et
953 3725 1027 3791 ipsos
1045 3722 1173 3773 maximos

73 3795 217 3860 prudentia
239 3801 265 3845 et
285 3794 439 3847 fortitudine
460 3803 486 3846 et
510 3798 608 3848 virtute
628 3798 742 3847 ornavit.
786 3804 865 3863 atque
883 3791 1025 3847 urbs'eum
1043 3792 1174 3861 diligebat

72 3874 185 3931 propter
203 3882 329 3919 summam
348 3866 515 3919 elementiam
533 3875 560 3917 et
580 3866 718 3918 lenitatem
737 3875 764 3916 et
780 3881 886 3917 manum
904 3867 931 3917 in
949 3865 1031 3918 bellis
1050 3874 1077 3916 et
1095 3864 1173 3915 amris

73 3936 201 3990 invictam
222 3945 248 3988 et
266 3938 294 3989 in
313 3939 388 3990 donis
407 3937 651 4003 incomparabilem,
669 3945 696 3987 et
713 3938 785 4004 quod
802 3937 895 3988 dexter
916 3944 943 3988 et
954 3945 1045 4004 gratus
1064 3944 1091 3988 et
1102 3936 1173 3990 omni

75 4005 226 4061 bumilitate
246 4018 273 4060 et
291 4010 416 4077 superbia
435 4016 493 4060 erat
513 4009 645 4075 superior,
667 4016 708 4071 et,
728 4008 799 4075 quod
815 4008 899 4060 maius
918 4016 973 4073 ost,
991 4008 1105 4061 nondum
1123 4024 1172 4059 ae.

75 4088 195 4134 casatusr
214 4082 329 4133 nondum
347 4083 417 4133 enim
430 4089 539 4147 propter
553 4080 707 4131 iniustitiam
726 4087 865 4131 accusatus
884 4087 941 4131 erat
958 4097 974 4133 a
993 4080 1172 4149 quoquosala
1226 4092 1233 4097 ·
1323 4075 1327 4082 ”

76 4152 196 4207 omnibns
214 4155 270 4208 suis
289 4154 457 4209 actionibus:
484 4160 563 4223 atque
581 4152 658 4207 testis
677 4152 752 4219 ipse,
771 4152 817 4219 qni
836 4151 888 4205 hoc
906 4153 1012 4220 scribo,
1031 4168 1089 4212 sum
1108 4164 1170 4221 ego,
