2834 4750
275 243 321 326 tt
439 329 442 344 ¹
565 247 786 340 mrcnauuss
817 231 1146 328 ιτελιιοαιυ·

273 405 346 484 σίας
369 400 464 491 όβριν
486 411 654 474 παθοῦσαν
679 408 858 492 σίνηκεστον.
880 404 974 493 ἔσχον
995 397 1053 470 ούν
1070 407 1129 471 τού
1151 407 1278 470 δικαίου
1299 406 1382 467 πού-

193 570 202 582 ,
271 530 327 572 του
350 508 551 590 συλλήπτορα
575 508 669 591 ζήλου
694 513 749 573 καί
757 510 811 574 τὸν
835 499 1013 592 ἁγιώτατον
1026 511 1138 571 τοῦτον
1152 499 1265 589 ἄνδρα.
1289 506 1384 569 Ἀλί-

271 612 334 686 ’ξιος
358 596 405 691 ἦν,
428 602 444 672 ὃ
465 607 525 690 πρό
549 611 605 671 τοῦ
634 609 689 693 τη“ν
720 605 898 691 μαναχικῆν
922 608 1084 671 πολιτείαν
1106 601 1384 689 οἷκριβωοόμενος.

270 704 326 770 καί
348 704 520 790 όνόγουσι,
553 710 661 796 γναόμη
694 714 750 774 καί
775 713 867 773 τινοῖν
889 710 951 771 ταῖν
978 709 1115 787 ε’ντίλει,
1137 703 1195 789 την
1217 701 1383 788 ὁμαίμονα

271 809 325 890 τῆς
347 807 511 892 παθούσης
533 813 697 894 δεσποίνης
728 809 898 892 (Θεοδόρα
927 808 1030 894 ταύτῃ
1054 807 1087 872 τό
1111 798 1228 894 ύνομδι)
1253 810 1287 886 ἐξ
1310 800 1402 880 isim

269 911 331 974 τόν
344 914 503 993 Πετρίων,
517 908 551 974 ἐν
571 901 595 999 ᾧ
618 911 747 994 χρόνοις
769 915 894 984 πολλοῖς
912 899 1083 986 ’ἰδιωτικαῖς
1102 909 1275 990 μονονουχί
1292 907 1385 988 ἐβιό-

269 1033 370 1076 τευσε.
414 1014 560 1076 πείθουσι
584 1011 645 1093 γὰρ
672 1005 772 1094 ταύτην
792 1008 976 1091 γυναικείας
996 1010 1108 1085 αἰδοῦς
1132 1013 1186 1073 καί
1209 1008 1384 1082 ἀσθενείας

269 1111 502 1190 ἐπιλαθέσθαι,
519 1115 584 1194 ,καί
604 1111 725 1184 τούτοις
755 1099 969 1192 ἀκολουθῆσαι
992 1107 1195 1194 παρασκευῆς
1217 1105 1302 1174 ούτω
1326 1108 1386 1174 καί

269 1208 394 1294 γναύμης
416 1208 538 1292 ἔχουσι,
559 1209 663 1274 πάντα
686 1211 805 1299 ῥᾳδίως
827 1206 925 1273 οἴσειν
946 1213 1000 1273 καί
1010 1211 1124 1295 ταύτης
1145 1211 1384 1293 προκινδυνεῦ·

267 1335 324 1376 σαι
348 1310 403 1374 καί
424 1313 480 1392 τῆς
514 1310 718 1396 αύταδίλφης
753 1313 866 1394 αότῆς,
883 1309 938 1374 καί
958 1312 1063 1396 φόβου
1087 1308 1205 1384 παντὸς
1227 1306 1411 1377 ninello-lt·

269 1417 320 1490 ξαι
342 1411 397 1476 καί
417 1411 564 1476 κινδύνου
596 1413 652 1476 τοῦ
684 1413 906 1494 πολεμητορος.
957 1415 1154 1496 ἐποχηθεῖσα
1186 1411 1296 1509 τοίνυν
1328 1413 1384 1497 ἐφ’

269 1515 365 1600 innoti
387 1513 523 1596 πρόεισι,
548 1517 812 1597 δορυφοροομὲνη
843 1517 996 1592 λαμπραῖς
1017 1512 1227 1598 μυριόνδρσις
1258 1505 1384 1592 ὅπλοις,

209 1681 214 1692 „
270 1617 324 1678 καί
342 1621 501 1700 φυλακαῖς
538 1614 761 1694 α’καθαιρέτοις
791 1618 1037 1696 περιειλημμένη
1059 1612 1116 1676 καί
1146 1620 1386 1696 προκατειλημ-

270 1719 347 1799 μένη
367 1713 423 1790 τός
448 1714 616 1796 διεξόδους,
639 1712 757 1795 ὁμοίως
778 1710 832 1778 διό
853 1717 1018 1798 μεόηςτῆς
1036 1712 1165 1795 πόλεως,
1187 1711 1271 1796 παρό
1298 1712 1386 1777 πόν-

271 1839 333 1882 των
363 1817 609 1901 εύφημουμὲνη,
647 1817 703 1878 καί
730 1820 963 1899 προτρεπομένη
997 1813 1040 1896 μη
1072 1815 1219 1879 ἐνδοῦναι
1241 1811 1325 1893 πρός
1346 1814 1410 1888 τός

271 1915 436 1999 όγόνισμα
462 1919 516 1980 κάἰ
537 1914 593 1998 τήν
610 1919 668 1980 τοῦ
692 1917 863 1996 οίναιρὲτου
879 1913 1075 1999 καθαίρεσιν.
1100 1917 1302 1978 διασωθεῖσα
1325 1909 1385 1979 σόν

271 2017 351 2098 πρὸς
371 2015 426 2081 τὸν
446 2014 632 2101 περιβόητον
660 2017 716 2079 καί
749 2020 836 2078 θεῖον
859 2013 936 2080 ναόν
959 2012 1094 2100 ἑσπέρας
1127 2005 1224 2100 ούσης
1241 2019 1385 2096 βαθείαις

271 2111 392 2182 όνεισιν
411 2119 457 2192 εἰς
478 2116 535 2192 τός
557 2125 612 2181 τοῦ
629 2114 830 2202 πατριάρχου
855 2115 1024 2199 διαγωγός,
1047 2117 1101 2180 καί
1119 2117 1161 2203 τῷ
1183 2113 1302 2197 πλήθει
1325 2118 1385 2191 τοὶς

273 2207 365 2299 ύψεις
396 2216 493 2302 αότῆς
522 2221 567 2291 εἰς
600 2215 650 2282 τόν
683 2214 760 2281 ναόν
782 2220 957 2303 ἐπαφίησι·
1001 2220 1056 2281 καί
1082 2224 1158 2301 παρ’
1181 2215 1311 2281 ἐκείνων
1337 2215 1385 2282 ἔτι

272 2323 531 2403 ααρεγγυηθεῖσα
562 2323 696 2402 θαρρεῖν
728 2313 809 2383 οὕτω
834 2320 1086 2402 δίανυκτερούει,
1119 2323 1410 2405 συγκαλεσαμὲνηγ

133 2441 152 2495 ς,
175 2438 225 2494 170
240 2454 261 2491 r.
272 2417 392 2495 πάντας
413 2421 485 2499 τούς
510 2423 544 2484 ἐν
565 2427 647 2487 τέλει
670 2423 804 2501 ταχέως,
828 2423 883 2484 καί
911 2416 1028 2495 παντός
1051 2421 1224 2500 ψιλόσασα
1246 2419 1303 2485 τὸν
1324 2424 1385 2485 α’ν-

270 2524 449 2603 τικείμινον
477 2526 612 2603 βασιλέα
646 2519 821 2602 δυνάμεως,
842 2516 947 2603 αἶρχός
968 2544 1001 2584 τε
1024 2519 1125 2596 εύθύς
1154 2522 1307 2607 λαμπρός
1329 2528 1386 2587 καί

272 2620 504 2707 α’γορανομικοίς
527 2622 739 2703 ἀποδείξασα,
761 2620 815 2685 καί
837 2620 871 2687 τὸ
883 2622 997 2707 κρότος
1008 2627 1062 2706 τῆς
1081 2625 1246 2705 βασιλείας
1269 2626 1386 2703 δεξιῶς

272 2725 519 2808 περιεζωσμίνη.

347 2876 388 2929 12.
409 2874 526 2947 ὄχλοντί
635 2878 675 2931 18.
697 2888 759 2947 post
776 2881 881 2947 πλήθει
900 2880 975 2933 deest
993 2859 1087 2935 nescio
1105 2884 1177 2951 qnid

273 3026 339 3065 rum.
378 3013 504 3082 (Alexius
533 3024 604 3080 erat,
633 3018 678 3085 qui
700 3025 779 3069 antea
806 3017 986 3071 monachicam
1011 3021 1265 3073 administrationem
1285 3040 1384 3078 corre.

273 3089 373 3153 xerat).
394 3094 420 3135 et
438 3086 559 3138 referunt
577 3089 604 3138 in
619 3091 770 3141 memoriam
793 3093 871 3142 etiarn
889 3091 1052 3159 quorundam
1068 3094 1180 3158 imperio
1199 3095 1384 3160 praeditorum

274 3164 413 3221 cognatam
432 3166 544 3210 vexatae
565 3160 687 3211 dominae
716 3161 870 3229 (Theodora
895 3163 957 3213 huic
984 3171 1041 3214 erat
1066 3170 1179 3233 nomen)
1199 3178 1234 3215 ex
1252 3180 1308 3218 uno
1329 3169 1383 3220 1²0.

274 3228 393 3290 trionum,
414 3228 441 3278 iu
463 3244 516 3295 quo
535 3229 633 3283 multos
647 3246 730 3283 annos
751 3231 870 3285 solitaria
885 3249 971 3301 paene
985 3236 1106 3287 vixerat:
1127 3236 1290 3303 persuadent
1311 3243 1383 3291 eninr

274 3298 309 3361 ei,
330 3304 359 3347 ut
377 3298 513 3351 muliebris
534 3301 678 3367 pudicitiae
700 3312 728 3353 et
753 3304 912 3356 infirmitatis
932 3305 1107 3357 obliviscatur
1128 3315 1156 3357 et
1181 3307 1230 3359 bos
1251 3320 1383 3379 sequatur

274 3369 319 3437 qui
340 3371 545 3435 praeparatione
565 3373 602 3423 ita
621 3382 647 3424 et
667 3373 781 3425 consilio
799 3378 923 3428 instructi
942 3379 1004 3440 sint,
1023 3386 1052 3428 ut
1073 3380 1162 3429 omnia
1181 3378 1263 3430 facile
1282 3398 1383 3449 repor.

273 3441 353 3492 taturi
371 3436 426 3493 sint
445 3450 472 3495 et
491 3458 540 3509 pro
554 3442 603 3495 hac
624 3446 735 3511 eiusque
753 3459 846 3497 sorore
863 3450 1014 3514 pugnaturi,
1035 3463 1145 3517 eamque
1163 3450 1197 3500 ab
1215 3455 1289 3503 omui
1309 3464 1384 3505 metu

272 3512 411 3564 liberaturi
431 3515 484 3565 sint
505 3522 532 3565 et
561 3516 682 3581 periculo
701 3514 777 3567 belli.
803 3528 881 3569 vecta
900 3520 982 3586 igitur
1001 3535 1070 3587 equo
1088 3523 1259 3589 progreditur
1283 3527 1386 3591 stipata

208 3611 213 3619 .
273 3583 411 3649 splendide
435 3584 671 3638 innumerabilibus
696 3591 775 3639 armis
803 3598 830 3640 et
862 3590 1002 3656 praesidiis
1034 3592 1143 3645 invictis
1177 3606 1340 3661 oppugnans
1358 3606 1386 3646 et

275 3669 408 3721 occupans
429 3660 514 3709 exitus
533 3662 633 3724 pariter
657 3672 704 3725 per
733 3662 843 3712 mediam
872 3658 983 3726 urbem,
1002 3663 1035 3714 ab
1056 3664 1178 3714 omnibus
1197 3664 1341 3719 celebrata
1359 3677 1386 3717 et

216 3742 219 3747 ·
274 3726 416 3789 admonita,
435 3745 469 3780 ne
488 3730 597 3781 cederet
614 3732 641 3780 in
665 3732 810 3783 certamine
831 3740 857 3783 et
875 3734 1024 3799 parricidae
1041 3749 1118 3785 nece.
1141 3736 1306 3801 perveniens
1328 3740 1386 3807 igi-
1407 3779 1408 3798 r

274 3803 316 3845 tur
333 3796 366 3846 ad
384 3798 484 3850 clarum
508 3809 533 3852 et
552 3802 669 3853 divinum
682 3800 809 3868 templum
828 3819 886 3855 cum
906 3818 1005 3871 vesper
1021 3815 1092 3857 esset
1104 3806 1262 3873 profundus,
1282 3815 1386 3861 a'sceu-
1407 3807 1408 3832 ί

274 3866 312 3917 dit
330 3868 357 3917 iu
377 3870 543 3932 patriarchae
569 3872 653 3924 cellas
680 3879 707 3922 et
734 3876 762 3923 in
789 3873 983 3927 multitudinem
1011 3876 1187 3934 oculossuos
1206 3880 1235 3929 iu
1252 3882 1387 3948 ternplum

275 3937 377 4005 defigit,
398 3948 424 3990 et
444 3939 548 3993 abillis
566 3945 650 4011 magis
671 3943 813 4014 admonita,
835 3954 863 3998 ut
884 3948 1028 4015 tranquillo
1059 3957 1130 4001 esset
1149 3952 1248 4014 animo,
1269 3952 1309 4003 ita
1331 3967 1385 4004 αο-

274 4016 342 4059 ctem
361 4011 397 4060 ibi
422 4012 510 4078 degit:
535 4023 674 4082 postquam
703 4020 866 4070 convocavit
891 4025 992 4084 omnes,
1020 4023 1066 4087 qui
1085 4036 1143 4071 uum
1162 4022 1275 4088 imperio
1296 4033 1386 4085 eraut,

274 4078 401 4131 celeriter
424 4090 450 4132 et
469 4085 540 4133 omni
559 4084 668 4137 nudavit
688 4092 838 4154 oppositum
856 4103 947 4158 rogem
975 4094 1108 4157 potentia,
1128 4099 1275 4159 potestates
1294 4098 1387 4147 statim

273 4150 426 4218 splendidas
439 4163 466 4207 et
480 4154 612 4207 aedilitias
626 4161 765 4211 constituit
782 4169 809 4210 et
820 4162 964 4227 potentiam
974 4164 1051 4229 regni
1070 4172 1132 4233 apte
1143 4164 1193 4215 sibi
1212 4165 1385 4219 conciliarit.
