2834 4750
240 295 315 380 cot
544 300 764 374 mouimus
794 296 1055 372 trrtmortu

240 505 334 569 μενος
357 473 544 565 ένηβρόνετο
573 482 614 567 τῷ
639 481 671 556 ἐξ
698 480 802 543 ου’τοῦ
831 459 993 565 πορισμῷ·
1017 477 1065 560 ἦ
1096 471 1266 541 abacia
1291 469 1366 550 νοός

240 584 359 658 πάντας
380 583 513 664 ἐπίεζεν,
535 579 572 645 ori
585 579 682 661 μόνον
695 584 755 644 τοῦ
771 583 862 645 σι’τον
876 578 956 644 άλλά
974 582 1029 644 καί
1039 583 1103 644 τοόν
1125 569 1238 641 ἄλλων
1255 579 1364 640 attor.

240 685 361 752 ἐκείνου
380 680 440 766 γάρ
456 686 754 764 στενοχωρουμένου
771 683 888 766 άνάγκη
907 684 962 746 καί
979 681 1017 746 τό
1036 679 1133 745 λοιπὰ
1146 685 1365 761 στενοχωρεῖ.

241 789 330 870 σθαι,
354 777 405 848 ότι
429 784 469 848 δι’
491 781 591 848 αάτοό
611 786 674 848 τεόν
688 772 907 846 όλλωνοόνιόον
931 778 951 865 ἥ
974 780 1133 867 ἐπίκτησις
1148 774 1175 862 ἢ
1187 784 1364 861 περιποίη-

240 910 292 962 σις
310 890 447 968 γίνεται,
470 881 524 948 καί
551 880 580 948 οἶ
605 886 859 966 μισθαρνοῦντες
880 887 1080 966 βαρυτέρους
1101 879 1185 956 τούς
1213 879 1382 960 μισθοόςό

241 983 296 1052 διά
313 981 348 1050 τό
370 987 472 1060 ένδεὲς
489 986 544 1068 τῆς
564 985 685 1068 τροφῆς
706 982 886 1047 άπαιτοόσι.
909 985 965 1046 καί
983 979 1085 1062 οἱμὲν
1105 977 1362 1064 άξιολογιότεροι

242 1089 305 1151 τάν
328 1081 507 1168 άνθρτόπων
536 1085 591 1148 καί
620 1083 650 1146 οἱ
679 1074 911 1170 τῷ’φον’νόακι
939 1081 1163 1167 πλησιάζοντες
1187 1079 1361 1163 ἐγίνωσκον

243 1184 300 1271 την
320 1184 419 1249 ον’τοό
440 1183 650 1270 χαλεπότητα,
671 1184 726 1248 καί
745 1176 822 1248 ὅθεν
843 1183 1012 1270 τιβκόσμηι
1035 1179 1068 1246 τό
1089 1179 1204 1244 deivos
1227 1182 1291 1261 τῆς
1314 1175 1360 1240 έν-

245 1287 332 1360 όείας
354 1285 460 1369 άηόιός
485 1283 676 1348 ἐπεπόλασε·
734 1282 769 1347 τό
791 1284 822 1346 δ’
843 1274 952 1348 ἄδικον
974 1283 1092 1366 κέρδος,
1114 1280 1160 1355 ὥς
1182 1279 1360 1366 φάρμακον

243 1389 348 1471 μέλιτι
370 1387 659 1464 κατεσκευασμένον
678 1406 712 1450 τε
734 1385 789 1446 καί
814 1379 1034 1464 κλεπτόμενον,
1055 1381 1132 1457 τοός
1154 1384 1387 1463 κρατοῦνταςλῡ

243 1485 462 1570 α’πειροκάλως
481 1488 661 1568 κατέθελγε,
682 1489 798 1570 μέχρις
822 1478 860 1548 ds
881 1481 943 1549 σόν
964 1487 1008 1570 τῷ
1029 1485 1136 1568 κέρόει
1157 1479 1287 1547 τοότου
1312 1487 1359 1545 καί

243 1583 437 1673 τὴνούσίαν
456 1587 563 1650 πᾶσαν
585 1591 641 1650 καί
662 1584 719 1670 τὴν
744 1588 902 1671 σωτηρίαν
923 1584 1092 1666 άιιέβαλον.

343 1687 390 1750 Ἐν
410 1684 534 1762 τούτοις
556 1676 614 1750 οὖν
636 1689 697 1752 τεόν
719 1689 893 1771 βασιλικῶν
923 1683 1171 1772 φροντισμάτων
1195 1686 1355 1770 dadanus,

242 1788 502 1873 admordente
531 1790 589 1854 rot
612 1788 800 1874 Νικηφόρον
821 1790 933 1852 δεινῶν
963 1787 1197 1868 βουλευμάτων
1217 1813 1356 1871 συναγο-

242 1895 366 1974 μένων,
398 1882 512 1975 ἤρξατο
536 1891 596 1971 μὲν
619 1885 769 1973 άπορρείν
797 1889 813 1953 ό
836 1897 922 1967 σῖτος
949 1891 1003 1951 καί
1024 1890 1218 1971 καταλήγειν
1242 1889 1285 1954 τά
1307 1893 1385 1974 cristi

242 1989 393 2076 εόθηνίας
416 1992 461 2064 εἰς
482 1986 615 2072 ἔνδειαν,
635 1984 751 2074 ηὔξανε
774 1991 811 2081 δέ
832 1988 926 2053 ὅτ’ὤν
939 1990 1062 2052 πολλῶν
1083 1990 1284 2073 γογγυσμός,
1306 1990 1356 2053 καί

242 2093 361 2173 μάλλον
390 2091 453 2154 τιόν
483 2090 621 2174 ἀκριβῶς
648 2087 864 2171 ἐπισταμένων
892 2090 926 2153 τό
959 2079 1090 2170 άτοπον,
1113 2092 1170 2152 καί
1194 2084 1274 2155 ὅσοι
1295 2095 1352 2153 τεόν

241 2192 412 2273 γινομένων
438 2193 542 2256 κακῶν
572 2195 743 2275 ἐγγυτέρω
762 2196 964 2257 καθίσταντο.
1014 2193 1201 2282 έθρυλλεῖτο
1233 2193 1274 2254 δὲ
1303 2191 1353 2255 καί

243 2286 276 2355 τό
300 2285 387 2375 παρά
409 2287 462 2355 τόν
476 2284 619 2373 Ἴστρονν
642 2294 808 2355 κατοικοόν
839 2289 1085 2375 μιξοβάρβαροι.
1136 2289 1352 2374 παράκεινται

243 2388 302 2477 γάρ
324 2392 363 2478 τῇ
392 2382 475 2481 ὄχθη
506 2391 616 2458 τοότον
647 2397 765 2456 πολλαί
798 2396 853 2458 καιΙ
873 2390 1011 2475 μεγάλαι
1033 2387 1159 2473 πόλεις,
1191 2391 1227 2454 έκ
1249 2389 1384 2476 πάσηςιο

243 2492 384 2576 γλάσσης
413 2498 607 2579 συνηγμένον
636 2490 771 2577 ἔχουσαι
793 2496 933 2578 πλῆθος,
964 2496 1020 2556 καί
1049 2487 1206 2556 ὁπλιτικόν
1230 2492 1269 2555 οὐ
1293 2517 1350 2575 μι-

243 2591 319 2679 κρόν
339 2595 591 2681 άποτρέφονσαι.
647 2592 728 2680 πρός
765 2584 815 2669 οἷς
848 2592 877 2658 οἱ
905 2596 1134 2687 περαιωθέντες
1165 2595 1293 2659 Σκύθαι
1315 2591 1348 2658 τό

314 2727 340 2779 9.
361 2725 477 2795 άηθιόςῗ

245 2854 345 2901 tentem
361 2846 530 2901 habentibus.
568 2857 647 2919 atque
664 2852 717 2904 iste
735 2852 856 2921 quidem,
884 2851 930 2918 qui
954 2852 1094 2919 sexaginta
1117 2851 1195 2904 libris
1221 2850 1344 2904 borreum
1383 2870 1388 2881 ¹

246 2920 419 2985 conduxerat,
437 2920 552 2974 iactabat
571 2930 708 2991 quaestum
743 2924 817 2976 eius:
835 2924 927 2989 inopia
956 2930 1043 2975 autem
1071 2938 1162 2976 omnes
1188 2924 1343 2990 premebat,

244 2991 405 3045 nouaclum
428 2992 553 3045 frumenti
578 2995 625 3047 sed
654 2996 735 3047 etiam
762 3002 913 3045 ceterorum
936 3009 1074 3061 generum.
1118 2993 1167 3046 illo
1196 2995 1266 3046 enim
1288 2997 1341 3046 mi.

244 3071 308 3117 nuto
328 3079 441 3117 necesse
461 3074 502 3117 est
521 3066 599 3119 etiam
619 3067 724 3135 reliqua
742 3067 902 3129 minuantur,
922 3067 984 3134 quia
1004 3080 1036 3117 eo
1057 3074 1207 3118 ceterarum
1216 3068 1341 3118 mercium

244 3138 364 3189 accessio
382 3145 428 3189 aut
446 3138 590 3204 acquisitio
610 3139 640 3188 fit
659 3146 686 3189 et
707 3140 752 3206 qui
772 3138 896 3187 mercede
915 3138 1038 3193 seruiunt
1056 3140 1209 3205 graviorem
1238 3153 1340 3191 merce.

246 3208 304 3260 dem
319 3216 428 3275 propter
446 3209 563 3275 inopiam
582 3206 702 3260 alimenti
722 3208 873 3276 postulant3
892 3216 972 3276 atque
992 3208 1154 3261 illustriores
1174 3210 1280 3275 quidem
1291 3210 1340 3261 ho.

245 3280 337 3344 mines
357 3286 383 3329 et
411 3280 456 3348 qui
481 3280 564 3349 uicini
593 3288 668 3331 crant
693 3281 806 3343 horreo,
833 3279 1033 3347 cognoscebant
1057 3280 1114 3332 eius
1137 3279 1297 3344 molestiam,
1317 3289 1341 3332 et

245 3351 316 3401 unde
335 3352 432 3403 mundo
451 3352 507 3403 dira
526 3351 617 3417 inopia
642 3352 786 3402 iniucunda
811 3350 968 3402 obveniret:
994 3352 1119 3403 iniustum
1138 3359 1227 3401 autern
1246 3352 1340 3403 lucrum

247 3429 368 3490 tanquam
388 3430 467 3489 potus
479 3421 561 3473 melle
572 3430 712 3489 apparatus
727 3430 753 3473 et
763 3429 909 3488 surreptus,
928 3422 1093 3474 dominantes
1112 3424 1227 3489 turpiter
1241 3423 1338 3475 demul-

247 3495 351 3558 ciebat‚
383 3493 467 3546 donec
493 3509 551 3545 cum
577 3494 653 3545 lucro
684 3494 762 3545 buius
789 3494 867 3544 etiarn
896 3493 1038 3547 facultates
1064 3509 1155 3545 omnes
1185 3502 1212 3545 et
1236 3494 1338 3547 salutem

247 3568 407 3620 amitterent.

347 3654 394 3707 llis
413 3654 495 3724 igitur
514 3656 540 3705 in
560 3654 639 3706 rebus
654 3670 713 3707 curn
730 3657 824 3725 regiae
843 3669 923 3705 curae
937 3654 1087 3720 subessent,
1106 3655 1166 3705 sive
1184 3655 1272 3721 potius
1287 3654 1338 3705 dira

247 3726 394 3795 Nicephori
415 3726 527 3779 consilia
547 3727 743 3790 conferrentur,
763 3728 854 3794 coepit
872 3726 990 3778 defluere
1010 3726 1169 3777 frumentum
1197 3734 1225 3775 et
1242 3725 1339 3777 delecti

248 3799 365 3850 felicitas
391 3798 422 3849 ad
448 3799 581 3866 inopiam:
609 3799 756 3867 augebatur
783 3797 958 3849 multitudinis
986 3798 1134 3866 indignatio
1159 3806 1241 3865 atque
1264 3799 1338 3865 magis

249 3883 339 3921 corum
358 3870 403 3937 qui
423 3877 547 3923 accurate
566 3870 686 3921 sciebant
709 3873 766 3921 rem
790 3872 941 3938 ingentem,
969 3878 996 3920 ct
1015 3869 1169 3937 quicunque
1186 3868 1263 3920 malis
1279 3884 1338 3935 pro.

249 3939 308 4006 pius
327 3940 473 3992 adstabant.
500 3942 718 4011 frequentabatur
737 3944 816 3994 ctiam
834 3941 1001 3992 sermonibus
1019 3940 1135 4007 populus
1154 3940 1337 3992 semibarbarus

247 4010 280 4060 ad
297 4009 392 4061 latrum
413 4010 547 4065 babitans:
568 4015 691 4065 adiacent
709 4015 779 4066 cuim
806 4013 879 4065 litori
898 4012 976 4063 huius
999 4010 1100 4063 multae
1117 4028 1278 4080 magnaeque
1294 4028 1336 4061 ur.

246 4080 304 4143 bes,
327 4095 360 4130 ex
380 4083 450 4131 omni
468 4082 561 4153 lingua
580 4094 697 4137 coactam
728 4085 857 4137 babentes
884 4083 1080 4136 multitudinem
1105 4092 1133 4134 et
1150 4085 1242 4150 gravis
1259 4098 1336 4134 arma-

247 4159 324 4205 mmo
345 4152 490 4203 exercitum
509 4170 563 4206 non
582 4172 691 4224 parvum
710 4157 829 4208 alentes:
850 4156 883 4206 ad
902 4171 969 4223 quas
987 4156 1147 4224 transgressi
1164 4155 1277 4221 Scythae
1292 4170 1335 4204 an.
1400 4183 1401 4200 t

247 4232 307 4289 tea,
332 4222 483 4290 Scythicam
509 4227 632 4277 adferunt
661 4228 731 4277 vitae
758 4226 992 4281 consuetudinem:
1022 4242 1038 4277 a
1067 4226 1162 4295 quibus
1194 4226 1334 4293 diripientes
