2834 4750
524 253 734 330 maronis.
1135 251 1187 328 oo
1252 208 1255 212 ’

63 417 256 502 ptos-tar,
275 421 446 502 κατεκρίθη
468 416 583 505 φυγάν.
625 417 695 488 εἶτα
716 419 884 506 γενομένης
902 423 991 508 edroi
1008 424 1065 506 τῆς
1083 421 1187 486 καθά·
1281 483 1288 494 ,

65 511 327 603 coodunata
356 517 436 584 κατά
469 525 532 605 τῷν
555 514 700 604 Odoacar,
721 523 783 587 sair
807 519 975 602 Ῥωμαίων
995 520 1187 607 άιιερμαχὴ-

64 643 160 699 σοον,
180 619 236 683 καί
252 623 426 703 τηνικαῦτα
448 621 490 684 δι’
514 623 619 686 αἰτίαν
639 624 695 705 τῆς
716 625 780 686 τάν
801 625 1036 703 στρατιωτικῶν
1056 645 1186 709 σιτηρε·

64 723 163 786 σίων
191 718 437 804 άτιοκρατὴοεοος
462 723 504 806 τῷ
527 713 658 804 άρχοντι
687 720 869 808 προσερράη
898 725 956 788 τοῦ
978 723 1101 788 Χάλειι.
1157 726 1189 790 εί

28 823 107 884 ὅδ’
133 819 298 905 εὐφράνας
322 818 403 885 κατά
427 824 482 904 τῆς
498 823 621 898 ὀἰκείοις
654 820 814 906 ἀπεστάλη
834 825 967 906 μερίδος
992 826 1095 889 καίτοι
1124 848 1186 890 κα-

65 923 201 996 κωθείς
240 916 256 984 ά
289 915 472 1007 βάρβαρος,
515 922 570 988 καί
592 923 674 1007 μηδὲ
705 925 830 1004 μέλλων
863 926 927 987 τάν
959 923 1187 1010 ὑπεσχημένων

65 1021 252 1105 τυγχάνειν
267 1023 466 1106 σιτηρεσίοον,
488 1031 555 1098 τοῖς
576 1021 845 1106 ἀναγινώσκουσιν
865 1021 1018 1102 άξετάζειν
1038 1025 1185 1108 παρίημι.

65 1118 243 1205 γενόμενοι
271 1119 377 1187 τοίνυν
405 1120 486 1188 κατά
509 1120 545 1188 τά
568 1120 682 1188 Χάλειι
716 1120 747 1187 oi
771 1116 905 1202 Οάννοι,
931 1122 988 1189 καί
1019 1146 1186 1210 τιροσαια·

66 1225 250 1305 μιχθέντες
273 1223 417 1312 adspira
444 1226 488 1314 τῷ
520 1225 784 1313 σαγκαλεσοιμίνιρ
812 1228 868 1289 καί
899 1232 966 1301 τοῖς
986 1228 1186 1309 παρακειμέ-

11 1323 55 1378 10
67 1345 146 1399 νοις
165 1315 312 1408 Ἄραψι,
345 1320 403 1407 την
432 1326 466 1390 ίν
488 1326 589 1411 Συρίην
608 1317 806 1407 Ἀντιόχειαν
834 1323 889 1391 καί
913 1322 971 1403 τάς
995 1333 1069 1408 παρ’
1100 1326 1186 1414 αάεῇ

68 1423 188 1500 πόλεις
221 1426 277 1488 καί
306 1424 415 1505 κώμας
446 1424 670 1510 ἀπανθρώπως
701 1425 881 1505 ἐμάστιζον,
934 1423 989 1491 καί
1020 1421 1041 1510 ἦ
1069 1426 1185 1509 μάστιξ

69 1527 209 1610 σφαγαί
246 1530 309 1608 καί,
344 1522 559 1611 πυρπολήσεις
601 1525 657 1590 καί
695 1525 954 1610 άνδραιιοδισμοί
987 1529 1043 1591 καί
1074 1513 1184 1611 λοφο-

69 1630 256 1710 patrarint,
287 1626 343 1692 καί
368 1623 429 1694 ὅσα
460 1633 530 1702 ταῖς
556 1632 770 1712 βαρβαρικαῖς
800 1627 989 1712 ίανδρομαΐς
1013 1629 1183 1711 σομιιαρί-

71 1747 206 1792 narrar.
225 1755 229 1760 ·
249 1727 321 1792 ἐκεί
340 1730 368 1792 δ’
390 1725 454 1794 ἔδει
477 1725 633 1812 στρατιάν
659 1729 692 1804 ἐς
713 1725 833 1805 adroic
861 1731 1060 1815 πεμφθῆναι,
1081 1727 1182 1812 σννη-

17 1839 59 1892 15
70 1832 214 1910 &potore
234 1831 293 1910 μὲν
314 1828 476 1914 άξιάλογον
494 1827 675 1913 στράτευμα
696 1827 750 1893 καί
771 1828 924 1914 ἡγεμόνες
943 1831 1059 1895 rociaco
1079 1833 1180 1912 τιροέ-

70 1953 209 2016 στησαν,
232 1929 253 2014 ἡ
276 1932 312 1996 δὲ
332 1931 490 2017 φειδωλίαν
513 1929 608 1996 πάλιν
635 1922 785 2014 άιιρακτα
814 1929 870 1994 καί
889 1931 988 2014 α’κλεῆ
1009 1928 1209 2014 torctgyd-t.
1230 1937 1281 2001 186
1296 1961 1320 2001 s.

71 2055 169 2099 σατο.
213 2022 250 2094 οὗ
271 2031 335 2115 γάρ
356 2031 545 2116 ὁλοκληρίαν
568 2032 730 2116 ἠθέλησαν
751 2027 987 2115 οἱκρατοῢντες
1007 2033 1067 2096 τοῦ
1087 2033 1182 2115 o’prr-

73 2135 220 2215 receptori
244 2141 424 2218 παρασχεῖν
446 2130 628 2217 άνθροάιιοις
650 2130 812 2214 πολεμίοις
820 2132 876 2196 καί
894 2128 1018 2216 μάχαις
1041 2157 1182 2198 κακοπα-

72 2233 194 2319 θὴσειν
218 2232 424 2320 ripariorum,
453 2231 534 2300 άλλά
563 2237 655 2319 μίρει
677 2231 742 2298 τινί
768 2226 898 2310 τοάτονς
918 2235 1077 2325 ἐλαχιστη
1100 2232 1180 2317 ιιράς

21 2333 135 2409 tonde
157 2330 238 2420 άιιὲρ
255 2336 311 2419 τῆς
334 2336 446 2421 ψυχῆς
474 2328 581 2421 άγοῖνα
607 2337 820 2421 παρακινῆσαι
843 2330 1057 2402 ίσιιοάδασαν.
1100 2336 1185 2401 dni*

74 2460 180 2521 τινχον
214 2438 249 2501 di
282 2431 361 2503 ὅλοιν
389 2432 480 2520 ὁμοῦ.
530 2434 566 2503 τά
595 2439 656 2520 μίν
693 2436 758 2521 γάρ
787 2434 927 2520 άψοάνιον
961 2434 992 2502 οἱ
1023 2438 1182 2521 στρατιά-

74 2562 131 2607 ται
154 2535 320 2622 ἐδέξαντο,
354 2537 438 2606 κατά
463 2540 498 2603 δὲ
520 2541 583 2606 τῶν
617 2543 765 2607 ἐναντίων
792 2540 990 2625 κορεσθῆναι
1019 2540 1061 2602 oo’
1087 2561 1181 2604 κατε-

76 2642 231 2723 δέξαντο,
261 2643 356 2727 μίρος
386 2664 416 2709 τι
443 2642 505 2707 τοῖν
532 2637 839 2727 προάστερησάκταν
869 2639 978 2717 adroic
1010 2635 1181 2724 λογισάμε-

75 2764 128 2809 νοι
149 2746 253 2810 τοῦτο.
298 2746 354 2811 καί
374 2740 484 2832 φωνὴν
504 2740 679 2829 ἐγείραντες
709 2734 833 2835 άσημον
857 2744 903 2820 είς
925 2738 965 2808 τά
990 2744 1089 2810 οἰκεία
1112 2744 1182 2809 διε-

152 2930 195 2985 15.
212 2932 301 2991 πάλιν
319 2928 450 3005 ἄπρακτα
465 2930 553 2989 ιιάλιν
570 2934 619 2986 καλ
637 2930 667 2986 0.
760 2930 804 2983 21.
825 2931 857 2986 dd
873 2889 950 3006 dptod
969 2928 1044 2987 ὅλοιν
1061 2929 1135 3005 άμοῦ
1147 2930 1177 2987 0.

78 3098 143 3154 tus,
169 3088 266 3141 missus
294 3095 336 3141 est
362 3094 455 3142 contra
481 3086 612 3153 Huuuos,
640 3086 751 3140 Graecia
777 3096 1006 3156 propugnaturus:
1026 3096 1106 3157 atque
1124 3096 1179 3141 tum

78 3168 261 3228 surreptorum
279 3159 433 3213 militarium
451 3160 641 3228 stipendiorum
655 3160 791 3211 incusatus
805 3158 898 3210 ducem
918 3161 1045 3211 convenit
1056 3159 1178 3226 Chalepi.

78 3248 142 3285 uum
161 3240 249 3285 autem
269 3231 391 3283 consulto
414 3240 506 3285 contra
525 3248 597 3286 suam
625 3232 722 3284 missus
747 3231 783 3283 sit
801 3238 902 3297 partem
923 3232 1042 3298 quamvis
1061 3231 1178 3284 offensus

77 3303 223 3369 barbarus,
241 3319 329 3371 neque
349 3318 414 3355 vero
435 3303 541 3356 obiecta
559 3302 692 3371 stipendia
710 3302 870 3368 adepturus,
891 3303 984 3369 peritis
1009 3303 1178 3370 investigae.

79 3376 141 3427 dum
159 3373 300 3444 relinquo:
320 3376 478 3444 cougregati
497 3377 579 3443 igitur
598 3382 690 3426 contra
711 3372 856 3440 Chalepum
875 3374 964 3426 lluuni
990 3382 1017 3425 et
1043 3374 1179 3425 commixti
1291 3424 1298 3437 ,

79 3446 131 3513 ipsi
152 3446 311 3499 convocanti
337 3454 364 3498 et
382 3446 546 3499 adstantibus
570 3446 702 3501 Arabibus
727 3444 898 3498 Antiochiam
921 3444 1017 3511 Syriae
1040 3444 1132 3497 urbem
1152 3452 1180 3496 ct

78 3518 183 3570 vicinas
207 3514 286 3571 urbes
314 3524 341 3568 et
359 3532 442 3586 pagos
468 3519 496 3570 in
524 3517 681 3571 solitudines
700 3515 920 3584 flagellabuntur;
941 3525 1021 3584 atque
1042 3514 1178 3585 dogalium

80 3596 138 3640 erat
156 3590 251 3641 caedes
274 3596 301 3641 et
319 3587 443 3639 incendia
463 3596 490 3640 et
508 3589 679 3657 captivitates
698 3597 725 3641 ct
742 3588 930 3656 praedationes
949 3595 977 3639 et
1001 3603 1177 3657 quaecuuque

78 3659 205 3713 barbaros
224 3661 393 3713 incursiones
413 3669 568 3728 sequuntur.
607 3677 665 3712 cum
684 3668 772 3712 autem
792 3676 905 3731 necesse
919 3666 1000 3724 esset,
1018 3667 1047 3711 ut
1060 3659 1132 3711 acies
1144 3659 1176 3712 ad

79 3745 126 3783 eos
144 3732 303 3796 mitteretur,
323 3739 431 3784 coactus
451 3739 492 3785 est
504 3731 683 3784 memorabilis
703 3733 837 3784 exercitus
857 3738 884 3782 et
901 3730 982 3782 duces
1002 3730 1028 3781 ei
1048 3730 1175 3797 praelue.

77 3809 148 3866 runt,
173 3803 335 3869 parsimonia
359 3811 446 3855 autem
475 3818 565 3855 rursus
590 3803 698 3855 iniectis
718 3802 798 3854 rebus
817 3818 876 3860 eum
895 3809 923 3852 et
939 3799 1088 3869 ingloriose
1107 3819 1174 3856 con.

78 3872 159 3925 ieoitz
175 3890 276 3942 ,neque
296 3876 366 3927 euim
383 3875 517 3943 integrum
536 3874 680 3927 voluerunt
699 3873 829 3940 praefecti
850 3881 1023 3925 commeatum
1045 3874 1175 3944 praebere
1244 3909 1248 3915 ·
1316 3870 1319 3876 ’

78 3944 229 3997 bominibus
256 3944 420 3999 bellantibus
439 3954 465 3997 et
482 3947 579 4013 pugnis
604 3944 785 4008 laboraturis,
811 3944 859 3996 sed
883 3952 959 4011 parte
983 3946 1098 4019 quadam¹
1125 3946 1174 3999 hos

77 4016 184 4069 minima
203 4016 236 4069 ad
247 4017 464 4071 vitaecertamen
483 4031 593 4068 movere
612 4016 786 4067 studuerunt:
807 4016 980 4083 perdiderunt
991 4028 1078 4071 autern
1095 4017 1174 4071 simul

78 4089 175 4153 omnia,
196 4097 369 4141 commeatum
385 4089 454 4141 enim
473 4087 573 4140 milites
586 4094 758 4154 acceperunt,
780 4096 872 4141 contra
891 4088 983 4142 hostes
1002 4100 1089 4143 autem
1107 4104 1174 4159 pro-

78 4159 162 4215 ficisci
179 4176 234 4215 uon
253 4162 451 4229 sustinuerunt5
471 4176 532 4231 pars
558 4160 686 4233 quaedam
704 4159 903 4214 advenientium
921 4162 956 4217 iis
974 4163 1174 4217 considerantes

232 4432 244 4473 ί
