2834 4750
199 185 278 349 rot·
381 351 390 364 1
500 246 720 320 urcunuurs
747 239 1009 314 amariores
1067 330 1071 338 ,
1158 321 1162 341 1

199 420 327 504 νήμασι,
347 418 402 503 τῆς
424 421 460 485 dd
484 417 628 495 νεολαίας
644 420 899 501 άπειροπυλέμυυ
919 411 1151 498 καθεστηκάιας
1170 412 1231 473 καί
1252 414 1328 473 τοῦ

200 525 338 603 πολέμου
365 521 580 603 μαχιμώτατα
610 518 665 584 καί
693 520 755 584 τῶν
785 518 963 598 πολεμικῶν
997 514 1151 579 κινδύνων
1187 509 1326 584 ἐθάδας

200 618 273 697 τούς
296 621 575 705 ἀντιτεταγμένους
598 622 651 686 καί
673 617 908 702 ἀντιβαίνοντας
930 617 1077 706 ἐχούσης.
1147 602 1156 617 ⁰

296 720 393 786 'Atti
415 721 467 786 τὸν
481 726 616 804 βασιλέα
633 720 668 786 τδ
692 724 836 786 τοιοῦτον
853 720 1043 801 συγκύρημα
1064 717 1104 777 ου’
1123 716 1324 798 κατέπληξε.
1407 710 1412 771 ¹·

202 826 384 890 τούναντίον
408 825 444 887 δὲ
465 827 587 904 μάλλον
608 824 680 899 τούς
693 820 894 912 δυαντίουςῆ
918 814 1025 900 άθρόα
1047 815 1161 882 τούτου
1183 811 1267 899 ὁρμή
1283 817 1353 878 τε5

202 927 258 989 καί
278 922 403 1009 ἔφοδος,
427 925 601 1008 οἰηθέντας,
625 917 731 1005 οδσπερ
756 919 888 1003 ὕστερον
907 920 1149 1000 μεμαθήκαμεν,
1172 913 1227 978 ὅτι
1246 937 1324 977 κιν-

190 1023 306 1106 δύνων
329 1016 421 1101 οὗτος
443 1023 460 1087 o‘
479 1018 648 1108 ἅνθρωπος
670 1023 787 1087 odorra
800 1022 898 1103 ’λόγον
911 1022 1087 1103 πεποίηται,
1111 1017 1183 1080 ἀλλ’
1196 1010 1325 1096 ”Aoede

201 1129 271 1191 ἐστι
294 1125 456 1210 φοιτητής,
475 1127 531 1188 καί
553 1123 769 1206 καινοποιὴσει
797 1121 835 1187 τά
853 1121 1036 1200 Ῥωμαίων,
1058 1121 1113 1182 καί
1132 1113 1323 1199 άντισηκιά-

203 1248 253 1290 σει
275 1233 339 1300 τοῖς
360 1226 490 1309 ἐχθροῖς
510 1221 550 1288 τά
574 1226 735 1306 ἐπίχειρα.
777 1218 831 1287 διά
854 1213 1033 1284 ταῦτακαὶ
1054 1217 1071 1281 δ
1091 1219 1151 1297 μὲν
1171 1213 1324 1282 σούλτά-

204 1347 256 1399 νος
279 1322 515 1408 δπισδόρμητος
545 1325 672 1408 γέγονε,
692 1333 809 1407 μοῖραν
842 1323 877 1386 δέ
898 1345 967 1386 τινα
988 1319 1126 1402 μεγάλην
1147 1316 1366 1396 α’ποτεμά-ίθ

203 1448 309 1506 μενος,
332 1428 386 1487 καί
408 1423 522 1509 ταάτην
546 1427 620 1512 διχῇ
652 1421 785 1503 διελιάν,
810 1425 855 1498 εἰς
876 1421 934 1504 τὴν
963 1412 1029 1484 άνω
1047 1413 1160 1484 Ἀσίαν
1179 1440 1324 1499 στρατο-

204 1522 351 1588 πεδεύειν
372 1526 549 1608 πεποίηται,
569 1522 625 1608 την
648 1529 708 1606 μὲν
723 1527 924 1607 βαρειοτὲραν
942 1525 998 1604 την
1020 1522 1055 1583 δὲ
1075 1516 1149 1601 περὶ
1168 1517 1209 1581 τά
1225 1516 1322 1581 νότια

205 1627 346 1703 θέμενος.
403 1619 419 1684 o‘
445 1626 479 1686 δὲ
498 1624 650 1704 βασιλεὺς
680 1626 855 1705 κατάλογον
878 1616 1111 1704 στρατιωτικόν
1133 1615 1323 1701 ποιησάμε-
1411 1702 1412 1707 ¹

205 1745 280 1802 νος,
314 1724 370 1786 καί
391 1725 424 1787 ἐκ
445 1723 549 1807 πάσης
568 1724 676 1808 χωρας
699 1727 755 1787 καί
788 1724 904 1797 πόλεως
928 1722 1057 1804 νεότητα
1083 1718 1322 1799 συλλεξάμενος

205 1821 261 1886 καί
282 1806 440 1905 άξιάμασι
457 1826 511 1888 καί
528 1827 642 1908 δώροις
661 1826 886 1909 ἀναθαρρῆσαι
904 1824 1091 1906 πεποιηκώς,
1113 1821 1169 1882 καί
1181 1819 1225 1881 δι’
1248 1817 1364 1882 dil-15

206 1949 264 2009 you
284 1921 337 1990 τὸν
366 1926 504 2007 α’ριθμὸν
539 1923 610 2026 τῶν.
622 1924 788 2010 ταγμάτων
809 1921 1062 2008 άναπληράσας,
1083 1923 1138 1984 καί
1156 1918 1322 2007 λοχαγοάς

206 2023 282 2100 τούς
306 2026 456 2106 άρίστσυς
476 2024 598 2114 ἑκάστῳ
619 2028 740 2092 τούτων
760 2029 916 2105 ἐπιμελῶς
936 2019 1208 2108 προστησάμενος,
1233 2045 1324 2099 συμ-

207 2127 302 2206 μίξας
325 2127 360 2189 δὲ
373 2127 427 2192 καί
448 2136 514 2203 τοῖς
537 2126 601 2190 άπὸ
625 2131 681 2210 τῆς
699 2123 835 2211 ἑσπέρας
857 2123 1017 2205 ἐλθοῦσιν,
1040 2125 1074 2208 ἐν
1095 2120 1189 2209 ὀλίγη)
1209 2122 1323 2207 χρόνῳ
1411 2192 1412 2199 η

210 2225 361 2308 στρατιάν
392 2227 569 2312 α’ξιάμαχον
600 2228 835 2310 κατεπράξατο,
857 2228 910 2289 καί
940 2223 1020 2307 μετά
1043 2219 1197 2304 τοσαάτης
1217 2220 1324 2284 δυνά·
1411 2270 1412 2307 η

179 2361 182 2364 ·
210 2352 294 2411 μεως
324 2315 378 2393 ἐπὶ
398 2334 529 2415 Πέρσας
561 2329 843 2412 ἑπιστατικωτερον
875 2319 1020 2411 ἤλαυνεν.
1072 2324 1115 2399 ὡς
1143 2324 1180 2387 δὲ
1201 2321 1236 2388 τὸ
1257 2327 1365 2404 fio-20

210 2428 370 2514 ρειάτερον
391 2429 606 2515 στρατόπεδον
627 2434 690 2493 τῶν
714 2433 872 2515 Περσῶν,
894 2428 1051 2511 ἐκδρομήν
1071 2450 1142 2490 τινα
1162 2425 1324 2507 πρότερον

210 2530 391 2615 φαντάσαν,
421 2530 516 2608 δόξαν
545 2530 754 2620 ὑποχωρῆσαι
783 2533 817 2595 ἐκ
836 2533 891 2615 τῆς
911 2532 968 2595 τοῦ
988 2531 1143 2610 βασιλέως
1176 2522 1323 2611 προόδου
1412 2529 1413 2598 i

282 2703 308 2754 2.
328 2716 361 2752 an
375 2700 617 2774 proximorumve?
1412 2667 1413 2704 δ

214 2867 240 2909 et
258 2855 409 2909 artificiosis
429 2872 463 2908 ex
480 2859 556 2926 equis
582 2857 707 2924 motibus,
734 2859 859 2912 iuventus
875 2865 963 2910 autern
988 2856 1056 2909 belli
1074 2856 1167 2925 ignara
1191 2862 1265 2907 esset
1291 2864 1323 2906 et

212 2927 295 3050 ρελλρι
314 2935 341 3051 οη
359 2927 465 2981 bellicis
484 2929 614 2996 periculis
640 2938 761 2983 assuetos
781 2939 808 2983 et
834 2928 1046 2999 pugnacissimos
1070 2927 1182 2979 haberet
1204 2928 1323 2993 opposi-

224 3015 254 3051 os
297 3014 327 3051 os
341 3015 378 3051 es.

313 3087 365 3140 Sed
383 3104 475 3157 regem
493 3090 555 3142 talis
576 3106 652 3145 casus
668 3106 723 3142 non
742 3091 856 3154 terruit,
883 3098 976 3142 contra
1000 3089 1085 3156 magis
1110 3088 1202 3139 hostes
1219 3088 1322 3139 terruit

213 3159 333 3210 assiduus
355 3160 432 3211 huius
452 3163 565 3228 impetus
589 3172 615 3215 et
633 3165 770 3227 incursio,
800 3177 858 3213 cum
877 3168 1021 3228 putarent,
1041 3167 1071 3210 ut
1092 3169 1186 3225 postea
1203 3160 1319 3225 accepi-

212 3246 287 3294 mus,
307 3231 488 3299 periculorum
507 3233 577 3284 hunc
599 3234 732 3286 hominem
749 3234 850 3287 nullam
870 3223 970 3284 hibere
988 3232 1138 3295 rationem,
1158 3231 1205 3283 sed
1231 3229 1319 3281 beili-

215 3318 305 3353 cosum
325 3316 385 3353 esse
403 3304 532 3358 advenam
551 3312 578 3354 et
597 3313 757 3357 novaturum
776 3321 819 3357 res
841 3303 956 3356 Graecas
979 3310 1006 3353 et
1025 3310 1198 3369 aequaturum
1228 3301 1319 3352 hosti-

214 3374 263 3424 hus
281 3387 392 3438 poenas.
412 3382 556 3438 propterca
576 3377 655 3425 etiam
676 3376 796 3428 sultanns
812 3376 919 3442 quidem
936 3383 1008 3425 retro
1035 3374 1189 3437 contendit,
1214 3380 1319 3438 partem

126 3446 131 3457 '
216 3452 304 3495 autem
323 3442 452 3512 quandam
470 3458 591 3510 magnam
610 3446 768 3497 abscindens
780 3453 806 3495 et
825 3446 892 3496 hanc
910 3445 1032 3497 bifariam
1051 3446 1173 3497 dividens
1190 3446 1218 3494 in
1233 3458 1320 3509 supc-

215 3517 315 3565 riorem
332 3514 423 3565 Asiam
442 3513 576 3580 proticisci
595 3516 692 3578 iussit,
707 3514 818 3566 aiteram
836 3517 863 3565 in
883 3515 1146 3583 septentrionalibus,
1164 3514 1277 3566 alteram
1291 3516 1319 3562 in

130 3634 135 3641 ,
217 3581 376 3634 australibus
402 3583 566 3635 constituens
594 3586 760 3651 regionibus.
797 3602 847 3638 rex
872 3596 959 3638 autem
984 3587 1116 3639 delectum
1134 3586 1247 3637 militum
1274 3587 1320 3635 in-

126 3676 129 3679 ·
180 3686 183 3691 ,
215 3656 329 3707 stitueus
352 3661 378 3703 et
398 3654 521 3704 exomni
541 3660 612 3705 terra
632 3664 658 3706 et
676 3657 743 3708 urhe
761 3659 926 3709 iuventutem
946 3674 1098 3711 convocans
1119 3666 1146 3709 et
1163 3656 1319 3708 muneribus

216 3732 244 3774 ct
262 3724 339 3774 donis
361 3723 456 3773 sortem
483 3724 595 3776 reddens
616 3734 642 3778 et
660 3727 737 3779 brevi
756 3744 893 3781 numerum
911 3731 1031 3782 ordinum
1046 3730 1158 3797 expiens
1176 3736 1203 3778 et
1222 3736 1319 3779 centu-

215 3796 306 3845 riones
327 3794 441 3858 optimos
459 3795 605 3865 unicuique
627 3798 719 3852 hurum
735 3801 853 3851 studiose
872 3803 1041 3868 praeficiens,
1062 3801 1109 3853 sed
1129 3800 1320 3850 etiamadmis-

216 3877 280 3913 cens
307 3863 478 3916 venientibus
505 3882 538 3917 cx
566 3872 705 3922 occidente
733 3873 887 3936 ordinibus,
924 3874 1002 3924 brevi
1025 3880 1146 3955 tempore
1172 3872 1318 3921 exercitum

217 3948 363 4001 pugnacem
384 3935 500 3987 coniecit
520 3948 624 3992 etcum
647 3943 765 3996 tantari
794 3952 886 3995 contra
912 3944 1006 3995 Persas
1031 3942 1132 3994 firmrns
1160 3941 1318 4007 proficisce-

214 4006 300 4067 ΝΜ·
349 4020 407 4056 cum
432 4016 518 4059 autem
546 4016 764 4079 septentrionalis
796 4016 928 4068 exercitus
961 4015 1099 4066 Persarum
1133 4013 1318 4064 excursionem
1409 4056 1413 4074 ,

217 4076 345 4144 quandam
364 4087 442 4131 antea
463 4091 610 4135 monstrans
630 4089 857 4153 exspectationem
883 4086 1027 4139 recedendi
1053 4086 1126 4154 regis
1152 4082 1317 4150 expeditioni
1412 4116 1413 4137 η

217 4146 367 4217 praeberet,
387 4153 478 4207 statuit
495 4153 546 4205 iam
565 4155 702 4225 Diogenes
721 4159 749 4239 in
769 4157 899 4211 australes
913 4158 1042 4223 incidero,
1062 4158 1106 4225 qui
1131 4165 1229 4208 terram
1248 4154 1319 4206 circa
