2834 4750
345 237 349 245 ’
413 299 415 308 ,
517 226 725 298 maroam.
1103 183 1191 303 νει

28 395 170 474 γαθιάς
197 392 294 460 κατά
318 396 380 460 τεόν
401 390 584 460 άντιπάλων
606 396 799 477 προτέρημα.
843 389 984 478 πλήθους
1003 396 1066 481 γάρ
1089 395 1178 479 άμυ-

31 493 167 580 θήτου,
191 495 408 580 Βουλγάρων
439 490 747 578 ἐπιστρατεύσαντος
771 497 811 579 τῇ
832 495 1086 563 Θεσσαλονικέων
1114 524 1177 582 μη-

31 593 222 680 τροπόλει,
249 595 297 660 ού
319 597 498 685 κρτεπλάγη
521 591 603 676 πρός
625 593 683 674 τάς
703 593 859 671 τοσαύτας
888 593 1039 676 δυνάμεις
1061 598 1176 678 αύτάν,
1250 602 1258 615 ’

34 700 99 762 καὶ
134 697 211 760 τῶν
245 699 366 778 τειχῶν
396 694 482 770 ἐντός
507 691 620 760 ἑαυτόν
652 684 887 778 περιέστειλεν,
914 695 981 759 ἀλλ’
1004 690 1056 761 οἶά
1078 723 1179 783 φασιν

6 800 154 865 5εἰπεῖν
181 794 299 860 αὐτὸν
321 793 375 861 τόν
391 796 615 878 Ἀλέξανδρον,
651 793 694 870 αἱς
715 786 760 870 εἷς
785 792 936 879 μάγειρος
955 797 1077 860 πολλῶν
1097 819 1178 880 προ-

37 899 162 980 βάτων
198 900 328 978 α’γέλας
356 895 395 958 ού
425 896 562 974 δέδοικε,
595 880 699 959 ταῦτα
727 893 973 980 διανοησόμενος
1003 899 1058 961 κατ’
1083 895 1180 960 εἰπάν

4 1001 9 1010 ’
39 1000 177 1082 ε’ξῆλθη
205 999 287 1078 μετ’
309 997 420 1082 didyme
438 996 500 1058 τάν
519 993 771 1078 παρατυχόντων
794 995 879 1082 αύτῷ
899 997 1209 1078 σνστρατεύεσθαιλ.
1227 999 1315 1058 21tv.
1392 1020 1394 1027 ·

42 1097 137 1180 ἔχων
163 1097 237 1183 γὰρ
264 1096 324 1180 τήν
339 1093 489 1181 τοιαύτην
510 1095 678 1178 ἡγεμονίαν
694 1093 850 1184 πατρῴαν,
871 1121 925 1160 και
949 1121 993 1183 ιφ
1015 1099 1098 1184 ζηλφ
1119 1121 1181 1178 μο-

41 1201 195 1280 νονσυχί
241 1183 519 1282 ε’κπυρακτωθεός,
557 1192 612 1258 κατ’
640 1191 708 1276 άμα
737 1200 853 1277 μένους
885 1200 940 1259 καί
976 1196 1180 1281 φρονήματος

2 1314 34 1368 10
45 1299 217 1382 εύγενσύς
256 1295 509 1380 α’καταμαχήτον
533 1301 652 1381 πνέων,
685 1295 741 1361 κατ’
763 1301 912 1361 τοσοῦτον
945 1298 1039 1360 νικάν
1060 1298 1104 1383 τῷ
1125 1300 1181 1380 τῆς

46 1389 176 1482 ἰσχύος
202 1399 364 1481 διάρματι
386 1390 457 1461 ὅσον
480 1393 737 1477 οῐάντικεόμενοι
753 1400 797 1485 τῷ
817 1397 934 1480 πλήθει
953 1395 1008 1459 καί
1025 1404 1095 1472 ταῖς
1116 1422 1181 1461 πα-

49 1500 215 1574 νοπλιάις
251 1498 381 1564 ἐδόκουν
415 1492 633 1580 άβρύνεσδαι,
664 1497 743 1579 πρός
765 1494 880 1580 μάχην
910 1498 944 1560 εἰι
973 1476 1036 1561 πού
1067 1491 1182 1584 εύδέος
1209 1501 1213 1507 ’

51 1600 179 1675 αότοϊς
213 1595 500 1680 α’ντιπαρετάξατσ,
524 1595 579 1660 καί
596 1596 678 1677 μετά
701 1600 819 1681 πολλῆς
839 1600 896 1682 τῆς
926 1592 1028 1684 ῥύμης
1049 1598 1106 1661 καί
1123 1598 1182 1662 τοῦ

56 1700 237 1784 ἀκρατοῦς
261 1695 394 1785 ῥυτῆρος
413 1699 595 1777 εἶς’μέσους
612 1695 689 1772 ’τούς
719 1693 1072 1781 πολεμίους’γενόμενος
1094 1693 1181 1762 ἅπαν
1233 1730 1237 1734 ·

10 1801 95 1866 15τὸ
121 1803 246 1865 πεδιόν
273 1797 372 1872 έκεῖνο
395 1795 548 1879 σωμάτων
570 1801 689 1882 νεκράν
719 1804 985 1892 κατεσφαγμένων
1007 1795 1182 1881 ἐπλήρωσε,

57 1903 211 1986 μηδενὸς
243 1901 430 1983 δυνηθέντος
460 1898 621 1964 α’θάνατον
650 1897 771 1982 πληγην
792 1902 826 1962 έκ
845 1902 907 1984 ζτῆς
935 1898 1051 1963 τούτου
1072 1895 1182 1980 χειρός

60 2002 325 2084 ἀπενέγκασθαι.
368 1997 547 2083 ἐπήρχοντο
576 2002 635 2080 μὲν
663 1996 723 2083 γάρ
746 2000 834 2083 αύτῷ
856 1997 936 2062 κατά
962 2001 1130 2084 φάλαγγας
1152 1994 1183 2061 οἶ
1269 2016 1272 2021 ’

62 2104 225 2180 πολέμιοι
247 2099 478 2182 πανταχόθεν,
498 2103 543 2188 τῷ
563 2100 689 2181 σάματι
711 2100 820 2163 τούτου
847 2096 902 2172 τάς
927 2095 1030 2179 άκμάς
1049 2099 1112 2161 τάν
1134 2102 1183 2176 ξι-

64 2201 143 2286 φιάν
166 2199 399 2284 ἐπερείδοντες,
422 2201 572 2279 ου’δαμάς
587 2201 622 2262 δὲ
642 2202 696 2282 τῆς
718 2195 847 2280 ἱππικῆς
864 2195 960 2281 ἕδρας
980 2193 1080 2262 αότόν
1100 2197 1182 2262 α’πο.
1207 2275 1215 2290 Ι

21 2322 57 2377 20
67 2301 281 2385 κρούσασθαι
302 2298 431 2384 ἴσχυον·
475 2300 556 2362 ἄλλά
580 2297 733 2387 φασγάνῳ
754 2295 793 2362 τά
817 2293 936 2383 δόρατα
959 2292 1080 2361 τούτων’
1098 2297 1183 2376 αἶπο-
1234 2375 1238 2382 A

67 2404 204 2481 τέμνων
234 2398 290 2465 κατ’
309 2397 367 2476 τάς
385 2399 559 2485 σαρόσσας,
593 2396 675 2465 ούτω
696 2396 772 2474 τούς
794 2393 1013 2481 πολεμὴτορας
1035 2394 1099 2460 dno*
1122 2399 1182 2479 γῆν

71 2502 318 2584 κατηκόντιζεν,
344 2486 393 2564 σά
405 2503 464 2581 μέν
494 2502 635 2585 κεφαλήν
667 2501 701 2563 ἑν
723 2501 784 2587 μιᾷ
812 2497 915 2584 πληγῇ
944 2493 1004 2561 σύν
1031 2498 1068 2583 τῇ
1096 2492 1184 2580 χειρό

71 2600 272 2683 διατέμνων,
293 2593 387 2665 ditor
410 2600 445 2663 δέ
468 2599 618 2665 δεικνύων
640 2596 814 2684 η’μότομον,
833 2592 890 2661 τόν
914 2592 1026 2659 δὲκαὶ
1046 2614 1184 2678 καρατο-

74 2704 158 2782 pse,
181 2698 237 2766 καὶ
257 2705 384 2788 μυριόις
406 2698 505 2767 εἴδεσι
527 2704 652 2785 πληγάν
678 2698 905 2786 καταστρέφων
926 2699 981 2763 καί
1001 2692 1183 2780 sareulis·
1267 2715 1270 2719 ·

24 3024 33 3033 -
79 2993 190 3045 laetum.
230 3005 289 3043 eum
315 2992 385 3043 enim
409 2991 551 3046 multitudo
570 2993 665 3062 ingens
683 2992 860 3061 bulgarorum
889 2991 1081 3059 aggrederetur
1098 2988 1183 3040 Tbes.

79 3064 293 3117 saloniceneium
320 3064 500 3131 metropolin,
525 3078 579 3115 non
598 3064 713 3115 afflictus
735 3071 777 3114 est
797 3062 894 3115 talibus
914 3076 1006 3113 eorum
1025 3059 1137 3121 viribus,
1157 3067 1185 3109 et

80 3137 153 3187 intra
172 3150 260 3189 muros
282 3150 311 3185 ee
331 3137 475 3187 constituit.
513 3135 560 3187 sed
574 3134 664 3203 qualis
682 3136 757 3185 aiunt
778 3133 878 3185 dixisse
896 3134 982 3199 ipsum
993 3130 1184 3194 Alexandrum,

81 3222 165 3257 nuum
183 3206 305 3257 nimirum
325 3205 424 3257 lanium
451 3206 590 3258 multarum
617 3208 708 3258 ovium
727 3220 825 3275 greges
848 3219 903 3255 non
921 3206 1031 3265 timere,
1051 3200 1118 3251 baec
1137 3216 1184 3251 re.

82 3285 180 3343 putans
193 3285 228 3327 et
246 3279 420 3343 pronuntians
440 3294 564 3346 egressus
584 3287 625 3329 est
643 3277 816 3348 curopauois
837 3277 882 3343 qui
901 3276 971 3327 forte
991 3274 1097 3324 fortuna
1115 3270 1185 3336 apud

84 3364 145 3399 eum
166 3356 249 3399 eruut.
270 3348 370 3400 habens
389 3351 458 3400 enirn
477 3350 531 3400 tale
551 3350 688 3415 imperium
707 3357 846 3415 paternum
866 3355 893 3398 et
906 3346 992 3399 studio
1012 3358 1098 3411 paene
1116 3355 1184 3392 con.

85 3426 218 3471 crematus
242 3417 373 3485 simulque
394 3421 529 3472 audaciam
552 3428 578 3471 et
596 3422 711 3472 animum
730 3418 849 3470 nobilem
866 3420 1050 3484 invictumque
1079 3414 1184 3479 spirens

85 3500 113 3542 et
131 3495 231 3539 tantum
250 3490 372 3553 superior
390 3492 493 3543 roboris
513 3493 649 3544 erectione
669 3499 794 3560 quantum
812 3489 959 3542 adversarii
971 3485 1140 3538 multitudine
1159 3491 1186 3535 et

86 3566 218 3612 armatura
238 3558 395 3611 videbantur
414 3563 562 3629 superbire,
584 3564 617 3615 ad
635 3579 750 3630 pugnarn
768 3562 855 3629 palam
875 3562 908 3611 iis
934 3576 964 3612 se
986 3556 1127 3625 opposuit,
1157 3564 1184 3605 et

85 3638 226 3699 postquam
244 3628 326 3679 multo
346 3646 405 3681 cum
424 3635 523 3698 impetu
543 3642 570 3684 et
588 3636 760 3707 immoderato
779 3634 855 3685 freno
874 3633 903 3681 in
914 3629 1015 3682 medios
1035 3628 1126 3679 hostes
1145 3627 1185 3677 ir.

87 3703 168 3769 rupit,
188 3709 272 3753 totum
291 3715 410 3767 eampum
429 3703 504 3755 illum
527 3706 699 3759 cadaveribus
720 3707 868 3757 occisorum
887 3702 1018 3769 implevit,
1039 3702 1200 3750 eumnemo'

88 3773 194 3825 valeret
213 3774 349 3841 ingentem
376 3775 457 3825 ictum
476 3790 509 3825 ex
536 3774 616 3828 huius
632 3792 711 3827 manu
734 3778 814 3827 lerre.
859 3773 1039 3824 obveniebant
1065 3770 1133 3821 enim
1160 3769 1185 3819 ei

89 3844 232 3897 seeundum
252 3842 399 3913 phalanges
419 3845 508 3897 hostes
528 3849 644 3915 undique
664 3862 760 3913 eorpus
779 3846 857 3897 huius
876 3845 935 3895 acie
961 3843 1110 3912 gladiorum
1133 3855 1184 3906 pe.

90 3924 186 3979 tentes,
205 3931 372 3984 nequaquam
390 3923 477 3967 autem
498 3933 536 3967 ex
561 3920 622 3985 equi
648 3918 711 3970 aede
738 3933 797 3968 eum
825 3915 947 3984 affligere
972 3913 1114 3966 valebant:
1136 3912 1185 3963 sed

93 4002 155 4039 ense
181 3987 289 4039 lanceas
314 3988 406 4039 horum
432 3989 589 4054 praecidens
616 3997 643 4039 et
668 3991 791 4051 sarissas,
813 3988 851 4037 ita
874 3986 1007 4038 bellantes
1033 3986 1060 4035 in
1086 3992 1184 4035 terram

92 4059 243 4123 prostravit,
263 4057 331 4111 alius
351 4067 431 4127 eaput
449 4074 501 4111 nno
521 4062 576 4111 ictu
596 4076 654 4111 cum
682 4075 761 4112 manu
787 4059 938 4122 dissecans,
963 4057 1044 4110 alium
1071 4054 1183 4109 reddens

95 4132 269 4197 semiseetum,
289 4130 370 4183 alium
392 4133 470 4185 etiam
490 4132 659 4197 detruncans,
681 4138 707 4185 et
727 4128 963 4186 innumerabilibus
981 4130 1080 4184 ictuum
1097 4141 1184 4195 gene-
