<?xml version="1.0" encoding="UTF-8"?>
<!DOCTYPE html PUBLIC "-//W3C//DTD XHTML 1.0 Transitional//EN"
    "http://www.w3.org/TR/xhtml1/DTD/xhtml1-transitional.dtd">
<html xmlns="http://www.w3.org/1999/xhtml" xml:lang="en" lang="en">
 <head>
  <title>
</title>
<meta http-equiv="Content-Type" content="text/html;charset=utf-8" />
  <meta name='ocr-system' content='tesseract 3.04.00' />
  <meta name='ocr-capabilities' content='ocr_page ocr_carea ocr_par ocr_line ocrx_word'/>
</head>
<body>
  <div class='ocr_page' id='page_1' title='image "./corpusscriptoru24theogoog/corpusscriptoru24theogoog_0193.png"; bbox 0 0 2834 4750; ppageno 0'>
   <div class='ocr_carea' id='block_1_1' title="bbox 541 240 1201 378">
    <p class='ocr_par' dir='ltr' id='par_1_1' title="bbox 541 240 1201 378">
     <span class='ocr_line' id='line_1_1' title="bbox 541 240 1201 378; baseline 0.006 -29"><span class='ocrx_word' id='word_1_1' title='bbox 541 280 749 350; x_wconf 74' lang='lat' dir='ltr'><strong>nrsromr.</strong></span> <span class='ocrx_word' id='word_1_2' title='bbox 937 351 945 378; x_wconf 27' lang='lat' dir='ltr'>x</span> <span class='ocrx_word' id='word_1_3' title='bbox 1063 240 1201 353; x_wconf 58' lang='grc' dir='ltr'><strong><em>ἐον</em></strong></span> 
     </span>
    </p>
   </div>
   <div class='ocr_carea' id='block_1_2' title="bbox 32 437 1203 2346">
    <p class='ocr_par' dir='ltr' id='par_1_2' title="bbox 32 437 1203 1932">
     <span class='ocr_line' id='line_1_2' title="bbox 80 437 1202 538; baseline 0.011 -32"><span class='ocrx_word' id='word_1_4' title='bbox 80 437 159 523; x_wconf 76' lang='grc' dir='ltr'><strong><em>γῆς</em></strong></span> <span class='ocrx_word' id='word_1_5' title='bbox 181 444 235 508; x_wconf 86' lang='grc' dir='ltr'><strong><em>καί</em></strong></span> <span class='ocrx_word' id='word_1_6' title='bbox 254 438 375 530; x_wconf 85' lang='grc' dir='ltr'><strong><em>άσημος</em></strong></span> <span class='ocrx_word' id='word_1_7' title='bbox 396 439 509 531; x_wconf 88' lang='grc' dir='ltr'><strong><em>κρότος</em></strong></span> <span class='ocrx_word' id='word_1_8' title='bbox 528 448 585 515; x_wconf 80' lang='grc' dir='ltr'><strong><em>καί</em></strong></span> <span class='ocrx_word' id='word_1_9' title='bbox 612 447 717 517; x_wconf 90' lang='grc' dir='ltr'><strong><em>πάντα</em></strong></span> <span class='ocrx_word' id='word_1_10' title='bbox 736 448 814 534; x_wconf 86' lang='grc' dir='ltr'><strong><em>μετά</em></strong></span> <span class='ocrx_word' id='word_1_11' title='bbox 845 453 995 538; x_wconf 75' lang='grc' dir='ltr'><strong><em>δορόβεον</em></strong></span> <span class='ocrx_word' id='word_1_12' title='bbox 1016 453 1072 519; x_wconf 81' lang='grc' dir='ltr'><strong><em>καί</em></strong></span> <span class='ocrx_word' id='word_1_13' title='bbox 1090 454 1202 520; x_wconf 86' lang='grc' dir='ltr'><strong><em>κινδά-</em></strong></span> 
     </span>
     <span class='ocr_line' id='line_1_3' title="bbox 84 544 1200 638; baseline 0.009 -34"><span class='ocrx_word' id='word_1_14' title='bbox 84 564 164 626; x_wconf 82' lang='grc' dir='ltr'><strong>νων</strong></span> <span class='ocrx_word' id='word_1_15' title='bbox 181 544 356 610; x_wconf 71' lang='grc' dir='ltr'><em>ἐδείκνυτο·</em></span> <span class='ocrx_word' id='word_1_16' title='bbox 399 548 454 613; x_wconf 82' lang='grc' dir='ltr'><strong><em>καί</em></strong></span> <span class='ocrx_word' id='word_1_17' title='bbox 475 552 536 625; x_wconf 85' lang='grc' dir='ltr'><strong><em>πάς</em></strong></span> <span class='ocrx_word' id='word_1_18' title='bbox 560 575 608 626; x_wconf 87' lang='grc' dir='ltr'><strong><em>τις</em></strong></span> <span class='ocrx_word' id='word_1_19' title='bbox 632 555 742 616; x_wconf 76' lang='grc' dir='ltr'><strong><em>θανεῖν</em></strong></span> <span class='ocrx_word' id='word_1_20' title='bbox 762 551 914 634; x_wconf 76' lang='grc' dir='ltr'><strong><em>ἐπεθόμει</em></strong></span> <span class='ocrx_word' id='word_1_21' title='bbox 935 556 1056 634; x_wconf 83' lang='grc' dir='ltr'><strong><em>μάλλον</em></strong></span> <span class='ocrx_word' id='word_1_22' title='bbox 1081 550 1102 638; x_wconf 77' lang='grc' dir='ltr'><em>ἢ</em></span> <span class='ocrx_word' id='word_1_23' title='bbox 1132 576 1200 619; x_wconf 87' lang='grc' dir='ltr'><strong><em>τοι.</em></strong></span> 
     </span>
     <span class='ocr_line' id='line_1_4' title="bbox 84 643 1200 738; baseline 0.016 -36"><span class='ocrx_word' id='word_1_24' title='bbox 84 643 190 706; x_wconf 79' lang='grc' dir='ltr'><strong><em>οὔτ-ον</em></strong></span> <span class='ocrx_word' id='word_1_25' title='bbox 212 646 293 710; x_wconf 79' lang='grc' dir='ltr'><strong><em>ι’δείν</em></strong></span> <span class='ocrx_word' id='word_1_26' title='bbox 315 644 436 733; x_wconf 88' lang='grc' dir='ltr'><strong><em>καιρόν.</em></strong></span> <span class='ocrx_word' id='word_1_27' title='bbox 480 653 536 715; x_wconf 84' lang='grc' dir='ltr'><strong><em>καί</em></strong></span> <span class='ocrx_word' id='word_1_28' title='bbox 556 650 592 715; x_wconf 88' lang='grc' dir='ltr'><strong>τό</strong></span> <span class='ocrx_word' id='word_1_29' title='bbox 624 649 668 735; x_wconf 75' lang='grc' dir='ltr'><strong>μη</strong></span> <span class='ocrx_word' id='word_1_30' title='bbox 693 655 834 718; x_wconf 74' lang='grc' dir='ltr'><strong>κατιδεῖν</strong></span> <span class='ocrx_word' id='word_1_31' title='bbox 864 651 908 730; x_wconf 86' lang='grc' dir='ltr'><strong><em>ιός</em></strong></span> <span class='ocrx_word' id='word_1_32' title='bbox 938 654 1070 738; x_wconf 81' lang='grc' dir='ltr'><strong><em>εότοχές</em></strong></span> <span class='ocrx_word' id='word_1_33' title='bbox 1091 659 1200 737; x_wconf 80' lang='grc' dir='ltr'><strong><em>ἐνομί-</em></strong></span> 
     </span>
     <span class='ocr_line' id='line_1_5' title="bbox 86 743 1199 839; baseline 0.015 -34"><span class='ocrx_word' id='word_1_34' title='bbox 86 743 179 826; x_wconf 83' lang='grc' dir='ltr'><strong>ζετο,</strong></span> <span class='ocrx_word' id='word_1_35' title='bbox 206 749 262 809; x_wconf 89' lang='grc' dir='ltr'><strong><em>καί</em></strong></span> <span class='ocrx_word' id='word_1_36' title='bbox 282 745 357 823; x_wconf 83' lang='grc' dir='ltr'><strong><em>τοός</em></strong></span> <span class='ocrx_word' id='word_1_37' title='bbox 376 748 421 833; x_wconf 72' lang='grc' dir='ltr'><strong>μή</strong></span> <span class='ocrx_word' id='word_1_38' title='bbox 449 752 588 816; x_wconf 82' lang='grc' dir='ltr'><strong><em>τοιοῦτον</em></strong></span> <span class='ocrx_word' id='word_1_39' title='bbox 614 749 740 826; x_wconf 80' lang='grc' dir='ltr'><strong><em>ἰδόντας</em></strong></span> <span class='ocrx_word' id='word_1_40' title='bbox 762 748 802 827; x_wconf 82' lang='grc' dir='ltr'><strong><em>σός</em></strong></span> <span class='ocrx_word' id='word_1_41' title='bbox 832 753 984 836; x_wconf 77' lang='grc' dir='ltr'><strong><em>εδιοχείς</em></strong></span> <span class='ocrx_word' id='word_1_42' title='bbox 998 752 1199 839; x_wconf 74' lang='grc' dir='ltr'><strong>ἐμακάριζεν,</strong></span> 
     </span>
     <span class='ocr_line' id='line_1_6' title="bbox 47 846 1202 941; baseline 0.011 -33"><span class='ocrx_word' id='word_1_43' title='bbox 47 856 69 908; x_wconf 80' lang='lat'><strong>5</strong></span> <span class='ocrx_word' id='word_1_44' title='bbox 196 846 280 912; x_wconf 78' lang='grc' dir='ltr'><strong><em>Ἀλλ’</em></strong></span> <span class='ocrx_word' id='word_1_45' title='bbox 301 852 335 914; x_wconf 85' lang='grc' dir='ltr'><strong><em>ἐν</em></strong></span> <span class='ocrx_word' id='word_1_46' title='bbox 347 850 448 938; x_wconf 82' lang='grc' dir='ltr'><strong><em>τοότρι</em></strong></span> <span class='ocrx_word' id='word_1_47' title='bbox 466 852 592 930; x_wconf 73' lang='grc' dir='ltr'><strong><em>πάθους</em></strong></span> <span class='ocrx_word' id='word_1_48' title='bbox 604 855 665 919; x_wconf 81' lang='grc' dir='ltr'><strong><em>τάν</em></strong></span> <span class='ocrx_word' id='word_1_49' title='bbox 681 853 847 934; x_wconf 83' lang='grc' dir='ltr'><strong><em>Ῥωμαίων</em></strong></span> <span class='ocrx_word' id='word_1_50' title='bbox 871 846 981 934; x_wconf 84' lang='grc' dir='ltr'><strong><em>όντων,</em></strong></span> <span class='ocrx_word' id='word_1_51' title='bbox 1004 853 1073 929; x_wconf 72' lang='lat' dir='ltr'><strong>erin,</strong></span> <span class='ocrx_word' id='word_1_52' title='bbox 1085 857 1202 941; x_wconf 72' lang='grc' dir='ltr'><strong><em>ἠ’δννη-</em></strong></span> 
     </span>
     <span class='ocr_line' id='line_1_7' title="bbox 82 945 1202 1039; baseline 0.01 -30"><span class='ocrx_word' id='word_1_53' title='bbox 82 949 201 1032; x_wconf 77' lang='grc' dir='ltr'><strong><em>θησαν</em></strong></span> <span class='ocrx_word' id='word_1_54' title='bbox 222 945 251 1012; x_wconf 79' lang='grc' dir='ltr'><strong>οἱ</strong></span> <span class='ocrx_word' id='word_1_55' title='bbox 275 955 418 1031; x_wconf 78' lang='grc' dir='ltr'><strong><em>πολέμιοι</em></strong></span> <span class='ocrx_word' id='word_1_56' title='bbox 442 951 529 1029; x_wconf 89' lang='grc' dir='ltr'><strong><em>ἐντός</em></strong></span> <span class='ocrx_word' id='word_1_57' title='bbox 547 954 603 1019; x_wconf 80' lang='grc' dir='ltr'><strong>τοῦ</strong></span> <span class='ocrx_word' id='word_1_58' title='bbox 623 954 766 1036; x_wconf 84' lang='grc' dir='ltr'><strong><em>χάρακος</em></strong></span> <span class='ocrx_word' id='word_1_59' title='bbox 786 957 951 1039; x_wconf 73' lang='grc' dir='ltr'><strong><em>εἰσπεσεῖν,</em></strong></span> <span class='ocrx_word' id='word_1_60' title='bbox 972 953 1202 1037; x_wconf 80' lang='grc' dir='ltr'><strong><em>τάλαβοάμενοι</em></strong></span> 
     </span>
     <span class='ocr_line' id='line_1_8' title="bbox 83 1039 1201 1138; baseline 0.011 -28"><span class='ocrx_word' id='word_1_61' title='bbox 83 1051 151 1112; x_wconf 85' lang='grc' dir='ltr'><strong><em>καί</em></strong></span> <span class='ocrx_word' id='word_1_62' title='bbox 173 1039 262 1122; x_wconf 75' lang='grc' dir='ltr'><strong><em>οὗτοι</em></strong></span> <span class='ocrx_word' id='word_1_63' title='bbox 285 1049 320 1114; x_wconf 87' lang='grc' dir='ltr'><strong>τὸ</strong></span> <span class='ocrx_word' id='word_1_64' title='bbox 343 1051 549 1137; x_wconf 84' lang='grc' dir='ltr'><strong><em>άπρόσφορον</em></strong></span> <span class='ocrx_word' id='word_1_65' title='bbox 568 1057 625 1119; x_wconf 79' lang='grc' dir='ltr'><strong>τοῦ</strong></span> <span class='ocrx_word' id='word_1_66' title='bbox 645 1044 760 1138; x_wconf 82' lang='grc' dir='ltr'><strong><em>καιρσό</em></strong></span> <span class='ocrx_word' id='word_1_67' title='bbox 793 1057 849 1119; x_wconf 83' lang='grc' dir='ltr'><strong><em>καί</em></strong></span> <span class='ocrx_word' id='word_1_68' title='bbox 869 1051 926 1129; x_wconf 88' lang='grc' dir='ltr'><strong><em>τάς</em></strong></span> <span class='ocrx_word' id='word_1_69' title='bbox 947 1052 1055 1131; x_wconf 83' lang='grc' dir='ltr'><strong><em>κοινός</em></strong></span> <span class='ocrx_word' id='word_1_70' title='bbox 1075 1059 1201 1135; x_wconf 87' lang='grc' dir='ltr'><strong><em>ἐννοίας</em></strong></span> 
     </span>
     <span class='ocr_line' id='line_1_9' title="bbox 87 1143 1200 1240; baseline 0.009 -30"><span class='ocrx_word' id='word_1_71' title='bbox 87 1149 143 1222; x_wconf 81' lang='grc' dir='ltr'><strong>εἰς</strong></span> <span class='ocrx_word' id='word_1_72' title='bbox 166 1143 300 1225; x_wconf 80' lang='grc' dir='ltr'><strong><em>ἓαοτοός</em></strong></span> <span class='ocrx_word' id='word_1_73' title='bbox 326 1151 540 1229; x_wconf 77' lang='grc' dir='ltr'><strong><em>ἐμπλέκοντες.</em></strong></span> <span class='ocrx_word' id='word_1_74' title='bbox 600 1147 636 1218; x_wconf 79' lang='grc' dir='ltr'><strong>οὗ</strong></span> <span class='ocrx_word' id='word_1_75' title='bbox 672 1154 738 1238; x_wconf 71' lang='grc' dir='ltr'><strong><em>μὴν</em></strong></span> <span class='ocrx_word' id='word_1_76' title='bbox 767 1155 931 1238; x_wconf 76' lang='grc' dir='ltr'><strong><em>γεγόνασιν</em></strong></span> <span class='ocrx_word' id='word_1_77' title='bbox 959 1155 1200 1240; x_wconf 76' lang='grc' dir='ltr'><strong><em>όπισθόρμητοι,</em></strong></span> 
     </span>
     <span class='ocr_line' id='line_1_10' title="bbox 87 1245 1203 1338; baseline 0.011 -26"><span class='ocrx_word' id='word_1_78' title='bbox 87 1246 180 1313; x_wconf 78' lang='lat' dir='ltr'><strong>a’ltd</strong></span> <span class='ocrx_word' id='word_1_79' title='bbox 203 1252 246 1313; x_wconf 89' lang='grc' dir='ltr'><strong>δι’</strong></span> <span class='ocrx_word' id='word_1_80' title='bbox 271 1245 346 1334; x_wconf 85' lang='grc' dir='ltr'><strong><em>όλης</em></strong></span> <span class='ocrx_word' id='word_1_81' title='bbox 377 1250 490 1328; x_wconf 70' lang='grc' dir='ltr'><strong><em>νυκτός</em></strong></span> <span class='ocrx_word' id='word_1_82' title='bbox 520 1257 746 1338; x_wconf 78' lang='grc' dir='ltr'><strong><em>περιηχοῦντες</em></strong></span> <span class='ocrx_word' id='word_1_83' title='bbox 774 1246 854 1337; x_wconf 80' lang='grc' dir='ltr'><strong><em>ἦσαν</em></strong></span> <span class='ocrx_word' id='word_1_84' title='bbox 886 1253 973 1330; x_wconf 83' lang='grc' dir='ltr'><strong><em>ἐκτός</em></strong></span> <span class='ocrx_word' id='word_1_85' title='bbox 997 1253 1127 1338; x_wconf 77' lang='grc' dir='ltr'><strong><em>δρόμοις</em></strong></span> <span class='ocrx_word' id='word_1_86' title='bbox 1147 1257 1203 1323; x_wconf 75' lang='grc' dir='ltr'><strong><em>καί</em></strong></span> 
     </span>
     <span class='ocr_line' id='line_1_11' title="bbox 32 1347 1201 1438; baseline 0.008 -27"><span class='ocrx_word' id='word_1_87' title='bbox 32 1360 76 1413; x_wconf 88' lang='grc'><strong>10</strong></span> <span class='ocrx_word' id='word_1_88' title='bbox 89 1347 305 1432; x_wconf 81' lang='grc' dir='ltr'><strong><em>περιδρόμοις</em></strong></span> <span class='ocrx_word' id='word_1_89' title='bbox 333 1352 388 1434; x_wconf 75' lang='grc' dir='ltr'><strong><em>τὴν</em></strong></span> <span class='ocrx_word' id='word_1_90' title='bbox 409 1348 575 1432; x_wconf 85' lang='grc' dir='ltr'><strong><em>Ῥωμαίων</em></strong></span> <span class='ocrx_word' id='word_1_91' title='bbox 602 1351 820 1438; x_wconf 78' lang='grc' dir='ltr'><strong><em>παρεμβολήν,</em></strong></span> <span class='ocrx_word' id='word_1_92' title='bbox 852 1353 955 1433; x_wconf 85' lang='grc' dir='ltr'><strong><em>τόξοις</em></strong></span> <span class='ocrx_word' id='word_1_93' title='bbox 974 1355 1029 1420; x_wconf 84' lang='grc' dir='ltr'><strong><em>καί</em></strong></span> <span class='ocrx_word' id='word_1_94' title='bbox 1048 1364 1201 1436; x_wconf 78' lang='grc' dir='ltr'><strong><em>σκαλμοῖς</em></strong></span> 
     </span>
     <span class='ocr_line' id='line_1_12' title="bbox 89 1449 1202 1541; baseline 0.008 -29"><span class='ocrx_word' id='word_1_95' title='bbox 89 1449 265 1530; x_wconf 86' lang='grc' dir='ltr'><strong><em>βάλλοντες</em></strong></span> <span class='ocrx_word' id='word_1_96' title='bbox 294 1455 349 1515; x_wconf 82' lang='grc' dir='ltr'><strong><em>καί</em></strong></span> <span class='ocrx_word' id='word_1_97' title='bbox 383 1456 588 1535; x_wconf 76' lang='grc' dir='ltr'><strong><em>πανταχόθεν</em></strong></span> <span class='ocrx_word' id='word_1_98' title='bbox 618 1457 884 1538; x_wconf 77' lang='grc' dir='ltr'><strong><em>περιβομβοῦντες</em></strong></span> <span class='ocrx_word' id='word_1_99' title='bbox 909 1454 964 1518; x_wconf 82' lang='grc' dir='ltr'><strong><em>καί</em></strong></span> <span class='ocrx_word' id='word_1_100' title='bbox 983 1459 1202 1541; x_wconf 69' lang='grc' dir='ltr'><strong><em>περιφοβοόν·</em></strong></span> 
     </span>
     <span class='ocr_line' id='line_1_13' title="bbox 90 1547 1201 1643; baseline 0.009 -31"><span class='ocrx_word' id='word_1_101' title='bbox 90 1573 146 1624; x_wconf 94' lang='grc' dir='ltr'><strong>τες</strong></span> <span class='ocrx_word' id='word_1_102' title='bbox 170 1549 296 1634; x_wconf 75' lang='grc' dir='ltr'><strong><em>αὐτούς,</em></strong></span> <span class='ocrx_word' id='word_1_103' title='bbox 320 1548 363 1627; x_wconf 76' lang='grc' dir='ltr'><strong><em>ὡς</em></strong></span> <span class='ocrx_word' id='word_1_104' title='bbox 384 1547 470 1616; x_wconf 89' lang='grc' dir='ltr'><strong><em>άπαν</em></strong></span> <span class='ocrx_word' id='word_1_105' title='bbox 484 1556 750 1638; x_wconf 79' lang='grc' dir='ltr'><strong><em>διανυκτερεῦσαι</em></strong></span> <span class='ocrx_word' id='word_1_106' title='bbox 771 1554 977 1643; x_wconf 75' lang='grc' dir='ltr'><strong><em>η’νειρχμένοις</em></strong></span> <span class='ocrx_word' id='word_1_107' title='bbox 998 1562 1054 1621; x_wconf 84' lang='grc' dir='ltr'><strong><em>καί</em></strong></span> <span class='ocrx_word' id='word_1_108' title='bbox 1073 1555 1201 1642; x_wconf 82' lang='grc' dir='ltr'><strong><em>α’γρόπ-</em></strong></span> 
     </span>
     <span class='ocr_line' id='line_1_14' title="bbox 92 1647 1199 1742; baseline 0.007 -28"><span class='ocrx_word' id='word_1_109' title='bbox 92 1673 163 1727; x_wconf 84' lang='grc' dir='ltr'><strong><em>νοις</em></strong></span> <span class='ocrx_word' id='word_1_110' title='bbox 186 1661 252 1726; x_wconf 85' lang='grc' dir='ltr'><strong><em>τοϊς</em></strong></span> <span class='ocrx_word' id='word_1_111' title='bbox 276 1647 415 1734; x_wconf 79' lang='grc' dir='ltr'><strong><em>ὄμμασι·</em></strong></span> <span class='ocrx_word' id='word_1_112' title='bbox 456 1657 503 1730; x_wconf 89' lang='grc' dir='ltr'><strong><em>τίς</em></strong></span> <span class='ocrx_word' id='word_1_113' title='bbox 517 1655 577 1739; x_wconf 73' lang='grc' dir='ltr'><strong>γάρ</strong></span> <span class='ocrx_word' id='word_1_114' title='bbox 602 1649 641 1720; x_wconf 74' lang='lat' dir='ltr'><strong>ab</strong></span> <span class='ocrx_word' id='word_1_115' title='bbox 662 1655 717 1719; x_wconf 87' lang='grc' dir='ltr'><strong><em>καί</em></strong></span> <span class='ocrx_word' id='word_1_116' title='bbox 737 1649 821 1738; x_wconf 84' lang='grc' dir='ltr'><strong><em>εἶχεν</em></strong></span> <span class='ocrx_word' id='word_1_117' title='bbox 839 1657 885 1731; x_wconf 82' lang='grc' dir='ltr'><strong>είς</strong></span> <span class='ocrx_word' id='word_1_118' title='bbox 905 1650 1199 1742; x_wconf 59' lang='lat' dir='ltr'><strong>inrumpentium,</strong></span> 
     </span>
     <span class='ocr_line' id='line_1_15' title="bbox 93 1750 1201 1843; baseline 0.005 -27"><span class='ocrx_word' id='word_1_119' title='bbox 93 1753 155 1816; x_wconf 77' lang='grc' dir='ltr'><strong>τοῦ</strong></span> <span class='ocrx_word' id='word_1_120' title='bbox 186 1753 335 1818; x_wconf 84' lang='grc' dir='ltr'><strong><em>κινδόνον</em></strong></span> <span class='ocrx_word' id='word_1_121' title='bbox 357 1754 414 1838; x_wconf 79' lang='grc' dir='ltr'><strong><em>την</em></strong></span> <span class='ocrx_word' id='word_1_122' title='bbox 439 1750 604 1842; x_wconf 76' lang='grc' dir='ltr'><strong><em>ῥομφαίαν</em></strong></span> <span class='ocrx_word' id='word_1_123' title='bbox 624 1758 824 1840; x_wconf 84' lang='grc' dir='ltr'><strong><em>ἐσπασμένην</em></strong></span> <span class='ocrx_word' id='word_1_124' title='bbox 851 1757 1026 1841; x_wconf 78' lang='grc' dir='ltr'><strong><em>μονονουχὶ</em></strong></span> <span class='ocrx_word' id='word_1_125' title='bbox 1052 1761 1201 1843; x_wconf 87' lang='grc' dir='ltr'><strong><em>προδεικ-</em></strong></span> 
     </span>
     <span class='ocr_line' id='line_1_16' title="bbox 40 1875 233 1932; baseline 0.01 -16"><span class='ocrx_word' id='word_1_126' title='bbox 40 1875 80 1932; x_wconf 79' lang='lat'><strong>15</strong></span> <span class='ocrx_word' id='word_1_127' title='bbox 93 1875 233 1929; x_wconf 84' lang='grc' dir='ltr'><strong><em>νοοντος.</em></strong></span> 
     </span>
    </p>

    <p class='ocr_par' dir='ltr' id='par_1_3' title="bbox 94 1955 1200 2346">
     <span class='ocr_line' id='line_1_17' title="bbox 201 1955 1200 2045; baseline 0.003 -24"><span class='ocrx_word' id='word_1_128' title='bbox 201 1955 249 2021; x_wconf 80' lang='grc' dir='ltr'><strong>Οό</strong></span> <span class='ocrx_word' id='word_1_129' title='bbox 269 1955 334 2039; x_wconf 72' lang='grc' dir='ltr'><strong><em>μην</em></strong></span> <span class='ocrx_word' id='word_1_130' title='bbox 365 1956 434 2022; x_wconf 75' lang='grc' dir='ltr'><strong><em>ἄλλ’</em></strong></span> <span class='ocrx_word' id='word_1_131' title='bbox 458 1959 526 2022; x_wconf 88' lang='grc' dir='ltr'><strong><em>ον’δ’</em></strong></span> <span class='ocrx_word' id='word_1_132' title='bbox 547 1961 592 2033; x_wconf 86' lang='grc' dir='ltr'><strong>εἰς</strong></span> <span class='ocrx_word' id='word_1_133' title='bbox 614 1955 669 2041; x_wconf 77' lang='grc' dir='ltr'><strong><em>τήν</em></strong></span> <span class='ocrx_word' id='word_1_134' title='bbox 700 1960 854 2025; x_wconf 81' lang='grc' dir='ltr'><strong><em>ἐπιοῦσαν</em></strong></span> <span class='ocrx_word' id='word_1_135' title='bbox 877 1962 1002 2045; x_wconf 79' lang='grc' dir='ltr'><strong><em>ἦμέραν</em></strong></span> <span class='ocrx_word' id='word_1_136' title='bbox 1022 1965 1077 2045; x_wconf 76' lang='grc' dir='ltr'><strong><em>τῆς</em></strong></span> <span class='ocrx_word' id='word_1_137' title='bbox 1098 1958 1200 2025; x_wconf 80' lang='grc' dir='ltr'><strong><em>ἱππα-</em></strong></span> 
     </span>
     <span class='ocr_line' id='line_1_18' title="bbox 94 2055 1198 2144; baseline 0.006 -26"><span class='ocrx_word' id='word_1_138' title='bbox 94 2055 171 2129; x_wconf 91' lang='grc' dir='ltr'><strong><em>σίας</em></strong></span> <span class='ocrx_word' id='word_1_139' title='bbox 193 2057 319 2142; x_wconf 75' lang='grc' dir='ltr'><strong><em>καὶτῆς</em></strong></span> <span class='ocrx_word' id='word_1_140' title='bbox 341 2063 387 2133; x_wconf 87' lang='grc' dir='ltr'><strong>εἰς</strong></span> <span class='ocrx_word' id='word_1_141' title='bbox 408 2058 517 2144; x_wconf 80' lang='grc' dir='ltr'><strong><em>μάχην</em></strong></span> <span class='ocrx_word' id='word_1_142' title='bbox 532 2056 733 2142; x_wconf 79' lang='grc' dir='ltr'><strong><em>προκλήσεως</em></strong></span> <span class='ocrx_word' id='word_1_143' title='bbox 753 2055 866 2142; x_wconf 82' lang='grc' dir='ltr'><strong><em>ἐληξαν</em></strong></span> <span class='ocrx_word' id='word_1_144' title='bbox 885 2056 914 2124; x_wconf 80' lang='grc' dir='ltr'><strong>οἱ</strong></span> <span class='ocrx_word' id='word_1_145' title='bbox 937 2062 1094 2142; x_wconf 80' lang='grc' dir='ltr'><strong><em>πολέμιοι,</em></strong></span> <span class='ocrx_word' id='word_1_146' title='bbox 1117 2058 1198 2125; x_wconf 84' lang='grc' dir='ltr'><strong><em>α’λλά</em></strong></span> 
     </span>
     <span class='ocr_line' id='line_1_19' title="bbox 95 2154 1199 2246; baseline 0.008 -28"><span class='ocrx_word' id='word_1_147' title='bbox 95 2157 153 2219; x_wconf 88' lang='grc' dir='ltr'><strong><em>καί</em></strong></span> <span class='ocrx_word' id='word_1_148' title='bbox 171 2154 225 2221; x_wconf 92' lang='grc' dir='ltr'><strong><em>τόν</em></strong></span> <span class='ocrx_word' id='word_1_149' title='bbox 247 2154 366 2236; x_wconf 71' lang='grc' dir='ltr'><strong><em>ἔξωθεν</em></strong></span> <span class='ocrx_word' id='word_1_150' title='bbox 387 2163 608 2244; x_wconf 75' lang='grc' dir='ltr'><strong><em>παραρρέοντα</em></strong></span> <span class='ocrx_word' id='word_1_151' title='bbox 623 2158 768 2240; x_wconf 90' lang='grc' dir='ltr'><strong><em>ποταμόν</em></strong></span> <span class='ocrx_word' id='word_1_152' title='bbox 789 2155 846 2244; x_wconf 70' lang='grc' dir='ltr'><strong>ὕφ’</strong></span> <span class='ocrx_word' id='word_1_153' title='bbox 866 2155 1000 2235; x_wconf 80' lang='grc' dir='ltr'><strong><em>ἐαντοός</em></strong></span> <span class='ocrx_word' id='word_1_154' title='bbox 1020 2156 1199 2246; x_wconf 85' lang='grc' dir='ltr'><strong><em>ποιησάμε-</em></strong></span> 
     </span>
     <span class='ocr_line' id='line_1_20' title="bbox 94 2258 1199 2346; baseline 0.005 -25"><span class='ocrx_word' id='word_1_155' title='bbox 94 2277 144 2321; x_wconf 92' lang='grc' dir='ltr'><strong><em>νοι</em></strong></span> <span class='ocrx_word' id='word_1_156' title='bbox 174 2261 262 2341; x_wconf 78' lang='grc' dir='ltr'><strong><em>δίψει</em></strong></span> <span class='ocrx_word' id='word_1_157' title='bbox 291 2260 560 2346; x_wconf 73' lang='grc' dir='ltr'><strong><em>παραστήσασθαι</em></strong></span> <span class='ocrx_word' id='word_1_158' title='bbox 592 2259 664 2335; x_wconf 86' lang='grc' dir='ltr'><strong><em>τοός</em></strong></span> <span class='ocrx_word' id='word_1_159' title='bbox 686 2258 866 2339; x_wconf 79' lang='grc' dir='ltr'><strong><em>Ῥαμαίους</em></strong></span> <span class='ocrx_word' id='word_1_160' title='bbox 898 2262 1123 2346; x_wconf 79' lang='grc' dir='ltr'><strong><em>ἐφιλονείκουν.</em></strong></span> <span class='ocrx_word' id='word_1_161' title='bbox 1165 2265 1199 2327; x_wconf 87' lang='grc' dir='ltr'><strong><em>ἐν</em></strong></span> 
     </span>
    </p>
   </div>
   <div class='ocr_carea' id='block_1_3' title="bbox 42 2358 1319 2452">
    <p class='ocr_par' dir='ltr' id='par_1_4' title="bbox 42 2358 1319 2452">
     <span class='ocr_line' id='line_1_21' title="bbox 42 2358 1319 2452; baseline 0.003 -30"><span class='ocrx_word' id='word_1_162' title='bbox 42 2359 197 2445; x_wconf 61' lang='lat' dir='ltr'><strong>poterim</strong></span> <span class='ocrx_word' id='word_1_163' title='bbox 220 2361 256 2426; x_wconf 86' lang='grc' dir='ltr'><strong><em>δέ</em></strong></span> <span class='ocrx_word' id='word_1_164' title='bbox 275 2365 312 2449; x_wconf 76' lang='grc' dir='ltr'><strong>τῇ</strong></span> <span class='ocrx_word' id='word_1_165' title='bbox 333 2361 436 2452; x_wconf 76' lang='grc' dir='ltr'><strong><em>ἡμέρη</em></strong></span> <span class='ocrx_word' id='word_1_166' title='bbox 455 2361 553 2445; x_wconf 86' lang='grc' dir='ltr'><strong>μοῖρά</strong></span> <span class='ocrx_word' id='word_1_167' title='bbox 576 2385 625 2436; x_wconf 90' lang='grc' dir='ltr'><strong><em>τις</em></strong></span> <span class='ocrx_word' id='word_1_168' title='bbox 647 2358 790 2443; x_wconf 79' lang='grc' dir='ltr'><strong><em>Σκυθική</em></strong></span> <span class='ocrx_word' id='word_1_169' title='bbox 801 2408 812 2440; x_wconf 89' lang='grc'><strong><em>,</em></strong></span> <span class='ocrx_word' id='word_1_170' title='bbox 833 2359 967 2447; x_wconf 75' lang='grc' dir='ltr'><strong><em>ἔξαρχον</em></strong></span> <span class='ocrx_word' id='word_1_171' title='bbox 987 2359 1108 2445; x_wconf 84' lang='grc' dir='ltr'><strong><em>ἐχοοσα</em></strong></span> <span class='ocrx_word' id='word_1_172' title='bbox 1132 2368 1199 2428; x_wconf 84' lang='grc' dir='ltr'><strong><em>Τα-</em></strong></span> <span class='ocrx_word' id='word_1_173' title='bbox 1310 2411 1319 2426; x_wconf 89' lang='grc'>.</span> 
     </span>
    </p>
   </div>
   <div class='ocr_carea' id='block_1_4' title="bbox 27 2459 1199 2649">
    <p class='ocr_par' dir='ltr' id='par_1_5' title="bbox 27 2459 1199 2649">
     <span class='ocr_line' id='line_1_22' title="bbox 93 2459 1197 2554; baseline 0.005 -31"><span class='ocrx_word' id='word_1_174' title='bbox 93 2463 151 2541; x_wconf 91' lang='grc' dir='ltr'><strong><em>μίν</em></strong></span> <span class='ocrx_word' id='word_1_175' title='bbox 171 2487 241 2526; x_wconf 89' lang='grc' dir='ltr'><strong><em>τινα</em></strong></span> <span class='ocrx_word' id='word_1_176' title='bbox 271 2460 578 2549; x_wconf 82' lang='grc' dir='ltr'><strong><em>κατονομαζόμενον,</em></strong></span> <span class='ocrx_word' id='word_1_177' title='bbox 607 2471 674 2537; x_wconf 76' lang='grc' dir='ltr'><strong><em>τοῖς</em></strong></span> <span class='ocrx_word' id='word_1_178' title='bbox 694 2466 847 2538; x_wconf 86' lang='grc' dir='ltr'><strong><em>ἐναντίοις</em></strong></span> <span class='ocrx_word' id='word_1_179' title='bbox 873 2463 1070 2548; x_wconf 85' lang='grc' dir='ltr'><strong><em>προσερρόη·</em></strong></span> <span class='ocrx_word' id='word_1_180' title='bbox 1108 2459 1197 2554; x_wconf 49' lang='grc' dir='ltr'><strong>Χόπερ</strong></span> 
     </span>
     <span class='ocr_line' id='line_1_23' title="bbox 27 2561 1199 2649; baseline 0.005 -26"><span class='ocrx_word' id='word_1_181' title='bbox 27 2618 29 2623; x_wconf 88' lang='grc'><em>,</em></span> <span class='ocrx_word' id='word_1_182' title='bbox 95 2561 154 2625; x_wconf 77' lang='lat' dir='ltr'><strong>oria</strong></span> <span class='ocrx_word' id='word_1_183' title='bbox 176 2565 221 2639; x_wconf 87' lang='grc' dir='ltr'><strong>εἰς</strong></span> <span class='ocrx_word' id='word_1_184' title='bbox 241 2562 360 2649; x_wconf 87' lang='grc' dir='ltr'><strong><em>μικρόν</em></strong></span> <span class='ocrx_word' id='word_1_185' title='bbox 376 2564 514 2648; x_wconf 67' lang='lat' dir='ltr'><strong>opertas</strong></span> <span class='ocrx_word' id='word_1_186' title='bbox 534 2563 610 2642; x_wconf 85' lang='grc' dir='ltr'><strong><em>τοδς</em></strong></span> <span class='ocrx_word' id='word_1_187' title='bbox 625 2561 803 2647; x_wconf 82' lang='grc' dir='ltr'><strong><em>Ῥαμαίους</em></strong></span> <span class='ocrx_word' id='word_1_188' title='bbox 822 2566 977 2649; x_wconf 72' lang='grc' dir='ltr'><strong><em>ἐνέβαλεν,</em></strong></span> <span class='ocrx_word' id='word_1_189' title='bbox 998 2563 1199 2630; x_wconf 83' lang='grc' dir='ltr'><strong><em>δποπτεάον-</em></strong></span> 
     </span>
    </p>
   </div>
   <div class='ocr_carea' id='block_1_5' title="bbox 170 2747 439 2826">
    <p class='ocr_par' dir='ltr' id='par_1_6' title="bbox 170 2747 439 2826">
     <span class='ocr_line' id='line_1_24' title="bbox 170 2747 439 2826; baseline 0.022 -19"><span class='ocrx_word' id='word_1_190' title='bbox 170 2747 197 2807; x_wconf 75' lang='grc'><strong>4.</strong></span> <span class='ocrx_word' id='word_1_191' title='bbox 217 2751 439 2826; x_wconf 42' lang='grc' dir='ltr'><strong><em>δμακάριζονλι,</em></strong></span> 
     </span>
    </p>
   </div>
   <div class='ocr_carea' id='block_1_6' title="bbox 96 2949 1246 3232">
    <p class='ocr_par' dir='ltr' id='par_1_7' title="bbox 96 2949 1246 3232">
     <span class='ocr_line' id='line_1_25' title="bbox 97 2949 1198 3020; baseline 0.005 -19"><span class='ocrx_word' id='word_1_192' title='bbox 97 2950 197 3003; x_wconf 88' lang='lat' dir='ltr'><strong>multus</strong></span> <span class='ocrx_word' id='word_1_193' title='bbox 216 2952 344 3015; x_wconf 85' lang='lat' dir='ltr'><strong>incertus,</strong></span> <span class='ocrx_word' id='word_1_194' title='bbox 371 2957 397 3002; x_wconf 91' lang='lat' dir='ltr'><strong>et</strong></span> <span class='ocrx_word' id='word_1_195' title='bbox 415 2951 447 3003; x_wconf 87' lang='lat' dir='ltr'><strong>ub</strong></span> <span class='ocrx_word' id='word_1_196' title='bbox 462 2953 532 3004; x_wconf 88' lang='lat' dir='ltr'><strong>omni</strong></span> <span class='ocrx_word' id='word_1_197' title='bbox 550 2960 626 3020; x_wconf 84' lang='lat' dir='ltr'><strong>parte</strong></span> <span class='ocrx_word' id='word_1_198' title='bbox 639 2950 761 3019; x_wconf 84' lang='lat' dir='ltr'><strong>pericula</strong></span> <span class='ocrx_word' id='word_1_199' title='bbox 775 2958 803 3003; x_wconf 84' lang='lat' dir='ltr'><strong>et</strong></span> <span class='ocrx_word' id='word_1_200' title='bbox 815 2949 892 3003; x_wconf 80' lang='lat' dir='ltr'><strong>turba</strong></span> <span class='ocrx_word' id='word_1_201' title='bbox 907 2950 1079 3019; x_wconf 70' lang='lat' dir='ltr'><strong>apparebant,</strong></span> <span class='ocrx_word' id='word_1_202' title='bbox 1090 2966 1198 3006; x_wconf 80' lang='lat' dir='ltr'><strong>omues-</strong></span> 
     </span>
     <span class='ocr_line' id='line_1_26' title="bbox 98 3022 1198 3091; baseline 0.002 -18"><span class='ocrx_word' id='word_1_203' title='bbox 98 3037 151 3088; x_wconf 90' lang='lat' dir='ltr'><strong>que</strong></span> <span class='ocrx_word' id='word_1_204' title='bbox 171 3022 239 3073; x_wconf 88' lang='lat' dir='ltr'><strong>mori</strong></span> <span class='ocrx_word' id='word_1_205' title='bbox 258 3022 393 3075; x_wconf 87' lang='lat' dir='ltr'><strong>malebant</strong></span> <span class='ocrx_word' id='word_1_206' title='bbox 412 3038 488 3091; x_wconf 87' lang='lat' dir='ltr'><strong>quam</strong></span> <span class='ocrx_word' id='word_1_207' title='bbox 513 3024 593 3076; x_wconf 86' lang='lat' dir='ltr'><strong>talem</strong></span> <span class='ocrx_word' id='word_1_208' title='bbox 614 3023 708 3075; x_wconf 83' lang='lat' dir='ltr'><strong>videre</strong></span> <span class='ocrx_word' id='word_1_209' title='bbox 727 3031 929 3088; x_wconf 73' lang='lat' dir='ltr'><strong>tempestatem</strong></span> <span class='ocrx_word' id='word_1_210' title='bbox 952 3030 1033 3091; x_wconf 89' lang='lat' dir='ltr'><strong>atque</strong></span> <span class='ocrx_word' id='word_1_211' title='bbox 1059 3022 1127 3074; x_wconf 89' lang='lat' dir='ltr'><strong>haee</strong></span> <span class='ocrx_word' id='word_1_212' title='bbox 1143 3038 1198 3075; x_wconf 79' lang='lat' dir='ltr'><strong>nan</strong></span> 
     </span>
     <span class='ocr_line' id='line_1_27' title="bbox 100 3093 1246 3163; baseline 0.002 -20"><span class='ocrx_word' id='word_1_213' title='bbox 100 3093 194 3145; x_wconf 87' lang='lat' dir='ltr'><strong>videre</strong></span> <span class='ocrx_word' id='word_1_214' title='bbox 213 3101 243 3144; x_wconf 89' lang='lat' dir='ltr'><strong>ut</strong></span> <span class='ocrx_word' id='word_1_215' title='bbox 262 3093 369 3146; x_wconf 87' lang='lat' dir='ltr'><strong>fortuna</strong></span> <span class='ocrx_word' id='word_1_216' title='bbox 387 3093 533 3157; x_wconf 82' lang='lat' dir='ltr'><strong>habebatur</strong></span> <span class='ocrx_word' id='word_1_217' title='bbox 543 3112 559 3161; x_wconf 64' lang='lat' dir='ltr'><strong>,r</strong></span> <span class='ocrx_word' id='word_1_218' title='bbox 583 3096 670 3163; x_wconf 91' lang='lat' dir='ltr'><strong>iisque</strong></span> <span class='ocrx_word' id='word_1_219' title='bbox 696 3095 741 3162; x_wconf 92' lang='lat' dir='ltr'><strong>qui</strong></span> <span class='ocrx_word' id='word_1_220' title='bbox 762 3093 817 3145; x_wconf 84' lang='lat' dir='ltr'><strong>tale</strong></span> <span class='ocrx_word' id='word_1_221' title='bbox 834 3108 888 3145; x_wconf 90' lang='lat' dir='ltr'><strong>non</strong></span> <span class='ocrx_word' id='word_1_222' title='bbox 907 3094 1048 3157; x_wconf 88' lang='lat' dir='ltr'><strong>videbant,</strong></span> <span class='ocrx_word' id='word_1_223' title='bbox 1073 3102 1198 3161; x_wconf 82' lang='lat' dir='ltr'><strong>tanquam</strong></span> <span class='ocrx_word' id='word_1_224' title='bbox 1243 3115 1246 3121; x_wconf 59' lang='lat'>¹</span> 
     </span>
     <span class='ocr_line' id='line_1_28' title="bbox 96 3163 411 3232; baseline 0.006 -17"><span class='ocrx_word' id='word_1_225' title='bbox 96 3163 184 3217; x_wconf 87' lang='lat' dir='ltr'><strong>beatis</strong></span> <span class='ocrx_word' id='word_1_226' title='bbox 204 3163 411 3232; x_wconf 81' lang='lat' dir='ltr'><strong>gratulabantur.</strong></span> 
     </span>
    </p>
   </div>
   <div class='ocr_carea' id='block_1_7' title="bbox 199 3242 1197 3320">
    <p class='ocr_par' dir='ltr' id='par_1_8' title="bbox 199 3242 1197 3320">
     <span class='ocr_line' id='line_1_29' title="bbox 199 3242 1197 3320; baseline -0.004 -17"><span class='ocrx_word' id='word_1_227' title='bbox 199 3251 250 3304; x_wconf 85' lang='lat' dir='ltr'><strong>Sed</strong></span> <span class='ocrx_word' id='word_1_228' title='bbox 274 3254 301 3318; x_wconf 86' lang='lat' dir='ltr'><strong>in</strong></span> <span class='ocrx_word' id='word_1_229' title='bbox 328 3252 378 3306; x_wconf 90' lang='lat' dir='ltr'><strong>bac</strong></span> <span class='ocrx_word' id='word_1_230' title='bbox 397 3253 555 3306; x_wconf 85' lang='lat' dir='ltr'><strong>difficultate</strong></span> <span class='ocrx_word' id='word_1_231' title='bbox 578 3242 746 3308; x_wconf 83' lang='lat' dir='ltr'><strong>versantibus</strong></span> <span class='ocrx_word' id='word_1_232' title='bbox 772 3253 882 3306; x_wconf 78' lang='lat' dir='ltr'><strong>Graecia</strong></span> <span class='ocrx_word' id='word_1_233' title='bbox 908 3268 964 3304; x_wconf 90' lang='lat' dir='ltr'><strong>non</strong></span> <span class='ocrx_word' id='word_1_234' title='bbox 982 3259 1127 3320; x_wconf 87' lang='lat' dir='ltr'><strong>potuerunt</strong></span> <span class='ocrx_word' id='word_1_235' title='bbox 1144 3251 1197 3303; x_wconf 89' lang='lat' dir='ltr'><strong>bo.</strong></span> 
     </span>
    </p>
   </div>
   <div class='ocr_carea' id='block_1_8' title="bbox 98 3319 1311 3393">
    <p class='ocr_par' dir='ltr' id='par_1_9' title="bbox 98 3319 1311 3393">
     <span class='ocr_line' id='line_1_30' title="bbox 98 3319 1311 3393; baseline -0.003 -17"><span class='ocrx_word' id='word_1_236' title='bbox 98 3330 153 3376; x_wconf 83' lang='lat' dir='ltr'><strong>ates</strong></span> <span class='ocrx_word' id='word_1_237' title='bbox 177 3338 303 3392; x_wconf 78' lang='lat' dir='ltr'><strong>aggerem</strong></span> <span class='ocrx_word' id='word_1_238' title='bbox 328 3327 456 3378; x_wconf 87' lang='lat' dir='ltr'><strong>invadere</strong></span> <span class='ocrx_word' id='word_1_239' title='bbox 481 3334 608 3379; x_wconf 78' lang='lat' dir='ltr'><strong>caventes</strong></span> <span class='ocrx_word' id='word_1_240' title='bbox 636 3332 663 3375; x_wconf 91' lang='lat' dir='ltr'><strong>et</strong></span> <span class='ocrx_word' id='word_1_241' title='bbox 687 3326 739 3393; x_wconf 90' lang='lat' dir='ltr'><strong>ipsi</strong></span> <span class='ocrx_word' id='word_1_242' title='bbox 764 3325 891 3392; x_wconf 84' lang='lat' dir='ltr'><strong>temporie</strong></span> <span class='ocrx_word' id='word_1_243' title='bbox 916 3324 1142 3391; x_wconf 78' lang='lat' dir='ltr'><strong>importunitatem</strong></span> <span class='ocrx_word' id='word_1_244' title='bbox 1170 3328 1198 3373; x_wconf 88' lang='lat' dir='ltr'><strong>et</strong></span> <span class='ocrx_word' id='word_1_245' title='bbox 1259 3319 1269 3337; x_wconf 73' lang='lat'>⁸</span> <span class='ocrx_word' id='word_1_246' title='bbox 1306 3344 1311 3354; x_wconf 52' lang='grc' dir='ltr'><strong><em>ν</em></strong></span> 
     </span>
    </p>
   </div>
   <div class='ocr_carea' id='block_1_9' title="bbox 94 3394 1197 3821">
    <p class='ocr_par' dir='ltr' id='par_1_10' title="bbox 94 3394 1197 3821">
     <span class='ocr_line' id='line_1_31' title="bbox 98 3394 1196 3465; baseline -0.001 -21"><span class='ocrx_word' id='word_1_247' title='bbox 98 3408 249 3446; x_wconf 89' lang='lat' dir='ltr'><strong>communes</strong></span> <span class='ocrx_word' id='word_1_248' title='bbox 277 3396 450 3450; x_wconf 83' lang='lat' dir='ltr'><strong>difficultates</strong></span> <span class='ocrx_word' id='word_1_249' title='bbox 475 3413 564 3449; x_wconf 86' lang='lat' dir='ltr'><strong>secum</strong></span> <span class='ocrx_word' id='word_1_250' title='bbox 590 3396 749 3451; x_wconf 87' lang='lat' dir='ltr'><strong>volventes:</strong></span> <span class='ocrx_word' id='word_1_251' title='bbox 775 3409 947 3465; x_wconf 75' lang='lat' dir='ltr'><strong>aequeve-ro</strong></span> <span class='ocrx_word' id='word_1_252' title='bbox 977 3395 1010 3447; x_wconf 88' lang='lat' dir='ltr'><strong>ab</strong></span> <span class='ocrx_word' id='word_1_253' title='bbox 1029 3396 1130 3462; x_wconf 87' lang='lat' dir='ltr'><strong>impetu</strong></span> <span class='ocrx_word' id='word_1_254' title='bbox 1147 3394 1196 3445; x_wconf 90' lang='lat' dir='ltr'><strong>de.</strong></span> 
     </span>
     <span class='ocr_line' id='line_1_32' title="bbox 96 3464 1197 3537; baseline 0 -22"><span class='ocrx_word' id='word_1_255' title='bbox 96 3466 231 3530; x_wconf 85' lang='lat' dir='ltr'><strong>stiterunt,</strong></span> <span class='ocrx_word' id='word_1_256' title='bbox 250 3467 297 3518; x_wconf 89' lang='lat' dir='ltr'><strong>sed</strong></span> <span class='ocrx_word' id='word_1_257' title='bbox 315 3483 364 3535; x_wconf 92' lang='lat' dir='ltr'><strong>per</strong></span> <span class='ocrx_word' id='word_1_258' title='bbox 382 3476 463 3521; x_wconf 84' lang='lat' dir='ltr'><strong>totam</strong></span> <span class='ocrx_word' id='word_1_259' title='bbox 482 3477 587 3521; x_wconf 87' lang='lat' dir='ltr'><strong>noctem</strong></span> <span class='ocrx_word' id='word_1_260' title='bbox 614 3476 687 3520; x_wconf 84' lang='lat' dir='ltr'><strong>extra</strong></span> <span class='ocrx_word' id='word_1_261' title='bbox 706 3482 802 3537; x_wconf 83' lang='lat' dir='ltr'><strong>magno</strong></span> <span class='ocrx_word' id='word_1_262' title='bbox 828 3483 887 3519; x_wconf 90' lang='lat' dir='ltr'><strong>eum</strong></span> <span class='ocrx_word' id='word_1_263' title='bbox 906 3466 1023 3519; x_wconf 87' lang='lat' dir='ltr'><strong>clamore</strong></span> <span class='ocrx_word' id='word_1_264' title='bbox 1043 3464 1197 3534; x_wconf 87' lang='lat' dir='ltr'><strong>equitabant</strong></span> 
     </span>
     <span class='ocr_line' id='line_1_33' title="bbox 97 3537 1196 3602; baseline 0.001 -16"><span class='ocrx_word' id='word_1_265' title='bbox 97 3543 124 3586; x_wconf 89' lang='lat' dir='ltr'><strong>et</strong></span> <span class='ocrx_word' id='word_1_266' title='bbox 144 3538 421 3602; x_wconf 85' lang='lat' dir='ltr'><strong>circumvehebantur‚</strong></span> <span class='ocrx_word' id='word_1_267' title='bbox 445 3539 605 3592; x_wconf 88' lang='lat' dir='ltr'><strong>Graecorum</strong></span> <span class='ocrx_word' id='word_1_268' title='bbox 624 3548 710 3593; x_wconf 88' lang='lat' dir='ltr'><strong>eustra</strong></span> <span class='ocrx_word' id='word_1_269' title='bbox 729 3555 806 3592; x_wconf 88' lang='lat' dir='ltr'><strong>arena</strong></span> <span class='ocrx_word' id='word_1_270' title='bbox 826 3538 941 3591; x_wconf 83' lang='lat' dir='ltr'><strong>iactibus</strong></span> <span class='ocrx_word' id='word_1_271' title='bbox 960 3546 988 3589; x_wconf 91' lang='lat' dir='ltr'><strong>et</strong></span> <span class='ocrx_word' id='word_1_272' title='bbox 1004 3537 1135 3589; x_wconf 79' lang='lat' dir='ltr'><strong>maebinis</strong></span> <span class='ocrx_word' id='word_1_273' title='bbox 1153 3538 1196 3587; x_wconf 82' lang='lat' dir='ltr'><strong>ia-</strong></span> 
     </span>
     <span class='ocr_line' id='line_1_34' title="bbox 96 3609 1195 3678; baseline 0.002 -21"><span class='ocrx_word' id='word_1_274' title='bbox 96 3609 199 3659; x_wconf 81' lang='lat' dir='ltr'><strong>cientes</strong></span> <span class='ocrx_word' id='word_1_275' title='bbox 218 3617 245 3660; x_wconf 92' lang='lat' dir='ltr'><strong>et</strong></span> <span class='ocrx_word' id='word_1_276' title='bbox 263 3611 380 3678; x_wconf 87' lang='lat' dir='ltr'><strong>undique</strong></span> <span class='ocrx_word' id='word_1_277' title='bbox 395 3611 619 3664; x_wconf 82' lang='lat' dir='ltr'><strong>circumsonantes</strong></span> <span class='ocrx_word' id='word_1_278' title='bbox 637 3620 664 3663; x_wconf 87' lang='lat' dir='ltr'><strong>et</strong></span> <span class='ocrx_word' id='word_1_279' title='bbox 675 3619 809 3663; x_wconf 87' lang='lat' dir='ltr'><strong>terrentes</strong></span> <span class='ocrx_word' id='word_1_280' title='bbox 828 3626 884 3675; x_wconf 86' lang='lat' dir='ltr'><strong>eoa,</strong></span> <span class='ocrx_word' id='word_1_281' title='bbox 902 3611 940 3662; x_wconf 83' lang='lat' dir='ltr'><strong>itu</strong></span> <span class='ocrx_word' id='word_1_282' title='bbox 958 3617 987 3660; x_wconf 90' lang='lat' dir='ltr'><strong>nt</strong></span> <span class='ocrx_word' id='word_1_283' title='bbox 1005 3623 1096 3660; x_wconf 86' lang='lat' dir='ltr'><strong>omnes</strong></span> <span class='ocrx_word' id='word_1_284' title='bbox 1114 3621 1195 3676; x_wconf 87' lang='lat' dir='ltr'><strong>aper-</strong></span> 
     </span>
     <span class='ocr_line' id='line_1_35' title="bbox 95 3678 1195 3752; baseline 0.001 -23"><span class='ocrx_word' id='word_1_285' title='bbox 95 3680 130 3730; x_wconf 89' lang='lat' dir='ltr'><strong>tis</strong></span> <span class='ocrx_word' id='word_1_286' title='bbox 157 3687 184 3730; x_wconf 89' lang='lat' dir='ltr'><strong>et</strong></span> <span class='ocrx_word' id='word_1_287' title='bbox 209 3681 347 3733; x_wconf 80' lang='lat' dir='ltr'><strong>insomniis</strong></span> <span class='ocrx_word' id='word_1_288' title='bbox 372 3681 458 3732; x_wconf 85' lang='lat' dir='ltr'><strong>oeulis</strong></span> <span class='ocrx_word' id='word_1_289' title='bbox 483 3692 590 3735; x_wconf 89' lang='lat' dir='ltr'><strong>noctem</strong></span> <span class='ocrx_word' id='word_1_290' title='bbox 613 3684 753 3752; x_wconf 83' lang='lat' dir='ltr'><strong>degerent.</strong></span> <span class='ocrx_word' id='word_1_291' title='bbox 796 3683 855 3750; x_wconf 85' lang='lat' dir='ltr'><strong>quis</strong></span> <span class='ocrx_word' id='word_1_292' title='bbox 885 3682 955 3732; x_wconf 87' lang='lat' dir='ltr'><strong>enirn</strong></span> <span class='ocrx_word' id='word_1_293' title='bbox 979 3693 1072 3731; x_wconf 85' lang='lat' dir='ltr'><strong>somno</strong></span> <span class='ocrx_word' id='word_1_294' title='bbox 1091 3678 1195 3731; x_wconf 85' lang='lat' dir='ltr'><strong>adverti</strong></span> 
     </span>
     <span class='ocr_line' id='line_1_36' title="bbox 94 3751 969 3821; baseline 0.001 -20"><span class='ocrx_word' id='word_1_295' title='bbox 94 3757 197 3817; x_wconf 83' lang='lat' dir='ltr'><strong>posset,</strong></span> <span class='ocrx_word' id='word_1_296' title='bbox 217 3752 338 3817; x_wconf 85' lang='lat' dir='ltr'><strong>periculo</strong></span> <span class='ocrx_word' id='word_1_297' title='bbox 358 3751 475 3821; x_wconf 77' lang='lat' dir='ltr'><strong>gladium</strong></span> <span class='ocrx_word' id='word_1_298' title='bbox 493 3761 593 3805; x_wconf 88' lang='lat' dir='ltr'><strong>tantum</strong></span> <span class='ocrx_word' id='word_1_299' title='bbox 612 3768 666 3807; x_wconf 87' lang='lat' dir='ltr'><strong>uon</strong></span> <span class='ocrx_word' id='word_1_300' title='bbox 685 3755 804 3805; x_wconf 85' lang='lat' dir='ltr'><strong>strictum</strong></span> <span class='ocrx_word' id='word_1_301' title='bbox 823 3753 969 3803; x_wconf 85' lang='lat' dir='ltr'><strong>minitante.</strong></span> 
     </span>
    </p>
   </div>
   <div class='ocr_carea' id='block_1_10' title="bbox 95 3838 1194 4267">
    <p class='ocr_par' dir='ltr' id='par_1_11' title="bbox 95 3838 1194 4267">
     <span class='ocr_line' id='line_1_37' title="bbox 168 3838 1194 3909; baseline 0.003 -20"><span class='ocrx_word' id='word_1_302' title='bbox 168 3838 406 3892; x_wconf 74' lang='lat' dir='ltr'><strong>verumenimvero</strong></span> <span class='ocrx_word' id='word_1_303' title='bbox 424 3856 459 3891; x_wconf 91' lang='lat' dir='ltr'><strong>ne</strong></span> <span class='ocrx_word' id='word_1_304' title='bbox 476 3842 599 3909; x_wconf 87' lang='lat' dir='ltr'><strong>sequenti</strong></span> <span class='ocrx_word' id='word_1_305' title='bbox 616 3842 723 3909; x_wconf 90' lang='lat' dir='ltr'><strong>quidem</strong></span> <span class='ocrx_word' id='word_1_306' title='bbox 740 3841 785 3892; x_wconf 90' lang='lat' dir='ltr'><strong>die</strong></span> <span class='ocrx_word' id='word_1_307' title='bbox 804 3839 897 3892; x_wconf 81' lang='lat' dir='ltr'><strong>hostes</strong></span> <span class='ocrx_word' id='word_1_308' title='bbox 914 3855 930 3890; x_wconf 85' lang='lat' dir='ltr'><strong>a</strong></span> <span class='ocrx_word' id='word_1_309' title='bbox 950 3840 1194 3909; x_wconf 86' lang='lat' dir='ltr'><strong>circumequitando</strong></span> 
     </span>
     <span class='ocr_line' id='line_1_38' title="bbox 97 3910 1193 3979; baseline 0 -19"><span class='ocrx_word' id='word_1_310' title='bbox 97 3918 123 3961; x_wconf 88' lang='lat' dir='ltr'><strong>et</strong></span> <span class='ocrx_word' id='word_1_311' title='bbox 141 3910 174 3962; x_wconf 88' lang='lat' dir='ltr'><strong>ud</strong></span> <span class='ocrx_word' id='word_1_312' title='bbox 191 3910 320 3977; x_wconf 84' lang='lat' dir='ltr'><strong>praelium</strong></span> <span class='ocrx_word' id='word_1_313' title='bbox 339 3911 496 3965; x_wconf 82' lang='lat' dir='ltr'><strong>lacessendo</strong></span> <span class='ocrx_word' id='word_1_314' title='bbox 516 3912 685 3975; x_wconf 87' lang='lat' dir='ltr'><strong>destiterunt,</strong></span> <span class='ocrx_word' id='word_1_315' title='bbox 707 3912 754 3963; x_wconf 86' lang='lat' dir='ltr'><strong>sed</strong></span> <span class='ocrx_word' id='word_1_316' title='bbox 773 3918 911 3979; x_wconf 87' lang='lat' dir='ltr'><strong>postquam</strong></span> <span class='ocrx_word' id='word_1_317' title='bbox 931 3912 1009 3963; x_wconf 89' lang='lat' dir='ltr'><strong>etiam</strong></span> <span class='ocrx_word' id='word_1_318' title='bbox 1026 3911 1122 3963; x_wconf 86' lang='lat' dir='ltr'><strong>flumen</strong></span> <span class='ocrx_word' id='word_1_319' title='bbox 1143 3929 1193 3964; x_wconf 82' lang='lat' dir='ltr'><strong>er.</strong></span> 
     </span>
     <span class='ocr_line' id='line_1_39' title="bbox 95 3982 1193 4050; baseline 0.002 -16"><span class='ocrx_word' id='word_1_320' title='bbox 95 3991 135 4034; x_wconf 84' lang='lat' dir='ltr'><strong>tra</strong></span> <span class='ocrx_word' id='word_1_321' title='bbox 159 3982 351 4048; x_wconf 84' lang='lat' dir='ltr'><strong>praeterfluens</strong></span> <span class='ocrx_word' id='word_1_322' title='bbox 377 3991 557 4050; x_wconf 87' lang='lat' dir='ltr'><strong>occuparunt,</strong></span> <span class='ocrx_word' id='word_1_323' title='bbox 585 3983 628 4033; x_wconf 91' lang='lat' dir='ltr'><strong>siti</strong></span> <span class='ocrx_word' id='word_1_324' title='bbox 654 3983 770 4034; x_wconf 86' lang='lat' dir='ltr'><strong>Graecos</strong></span> <span class='ocrx_word' id='word_1_325' title='bbox 797 3982 930 4033; x_wconf 86' lang='lat' dir='ltr'><strong>subiicere</strong></span> <span class='ocrx_word' id='word_1_326' title='bbox 954 3982 1102 4035; x_wconf 84' lang='lat' dir='ltr'><strong>studebant.</strong></span> <span class='ocrx_word' id='word_1_327' title='bbox 1141 3984 1193 4036; x_wconf 88' lang='lat' dir='ltr'><strong>boe</strong></span> 
     </span>
     <span class='ocr_line' id='line_1_40' title="bbox 96 4052 1193 4124; baseline 0.004 -20"><span class='ocrx_word' id='word_1_328' title='bbox 96 4068 163 4105; x_wconf 76' lang='lat' dir='ltr'><strong>vero</strong></span> <span class='ocrx_word' id='word_1_329' title='bbox 183 4054 226 4104; x_wconf 93' lang='lat' dir='ltr'><strong>die</strong></span> <span class='ocrx_word' id='word_1_330' title='bbox 252 4069 348 4122; x_wconf 85' lang='lat' dir='ltr'><strong>agmen</strong></span> <span class='ocrx_word' id='word_1_331' title='bbox 373 4056 502 4124; x_wconf 91' lang='lat' dir='ltr'><strong>quoddam</strong></span> <span class='ocrx_word' id='word_1_332' title='bbox 531 4052 702 4119; x_wconf 73' lang='lat' dir='ltr'><strong>Scytharum,</strong></span> <span class='ocrx_word' id='word_1_333' title='bbox 728 4053 795 4104; x_wconf 86' lang='lat' dir='ltr'><strong>duee</strong></span> <span class='ocrx_word' id='word_1_334' title='bbox 815 4054 926 4122; x_wconf 83' lang='lat' dir='ltr'><strong>quodem</strong></span> <span class='ocrx_word' id='word_1_335' title='bbox 945 4053 1015 4106; x_wconf 86' lang='lat' dir='ltr'><strong>Tumi</strong></span> <span class='ocrx_word' id='word_1_336' title='bbox 1034 4063 1141 4121; x_wconf 80' lang='lat' dir='ltr'><strong>vocato,</strong></span> <span class='ocrx_word' id='word_1_337' title='bbox 1160 4055 1193 4108; x_wconf 86' lang='lat' dir='ltr'><strong>ad</strong></span> 
     </span>
     <span class='ocr_line' id='line_1_41' title="bbox 95 4123 1194 4195; baseline 0.003 -20"><span class='ocrx_word' id='word_1_338' title='bbox 95 4124 187 4176; x_wconf 85' lang='lat' dir='ltr'><strong>hostes</strong></span> <span class='ocrx_word' id='word_1_339' title='bbox 207 4125 316 4190; x_wconf 82' lang='lat' dir='ltr'><strong>deiecit,</strong></span> <span class='ocrx_word' id='word_1_340' title='bbox 336 4127 406 4194; x_wconf 90' lang='lat' dir='ltr'><strong>quod</strong></span> <span class='ocrx_word' id='word_1_341' title='bbox 424 4140 519 4194; x_wconf 81' lang='lat' dir='ltr'><strong>magno</strong></span> <span class='ocrx_word' id='word_1_342' title='bbox 533 4126 648 4178; x_wconf 84' lang='lat' dir='ltr'><strong>Graecos</strong></span> <span class='ocrx_word' id='word_1_343' title='bbox 668 4123 834 4192; x_wconf 86' lang='lat' dir='ltr'><strong>percellebat</strong></span> <span class='ocrx_word' id='word_1_344' title='bbox 851 4126 957 4189; x_wconf 86' lang='lat' dir='ltr'><strong>timore,</strong></span> <span class='ocrx_word' id='word_1_345' title='bbox 976 4141 1055 4194; x_wconf 89' lang='lat' dir='ltr'><strong>quum</strong></span> <span class='ocrx_word' id='word_1_346' title='bbox 1073 4127 1194 4195; x_wconf 82' lang='lat' dir='ltr'><strong>reliquos</strong></span> 
     </span>
     <span class='ocr_line' id='line_1_42' title="bbox 97 4195 1193 4267; baseline -0.002 -18"><span class='ocrx_word' id='word_1_347' title='bbox 97 4197 175 4249; x_wconf 89' lang='lat' dir='ltr'><strong>etiam</strong></span> <span class='ocrx_word' id='word_1_348' title='bbox 195 4195 309 4265; x_wconf 74' lang='lat' dir='ltr'><strong>Scythas</strong></span> <span class='ocrx_word' id='word_1_349' title='bbox 328 4198 380 4251; x_wconf 89' lang='lat' dir='ltr'><strong>iam</strong></span> <span class='ocrx_word' id='word_1_350' title='bbox 398 4199 431 4251; x_wconf 89' lang='lat' dir='ltr'><strong>ab</strong></span> <span class='ocrx_word' id='word_1_351' title='bbox 450 4199 501 4251; x_wconf 88' lang='lat' dir='ltr'><strong>hoc</strong></span> <span class='ocrx_word' id='word_1_352' title='bbox 519 4204 640 4267; x_wconf 88' lang='lat' dir='ltr'><strong>tempore</strong></span> <span class='ocrx_word' id='word_1_353' title='bbox 658 4198 784 4267; x_wconf 79' lang='lat' dir='ltr'><strong>tauquam</strong></span> <span class='ocrx_word' id='word_1_354' title='bbox 809 4196 901 4252; x_wconf 75' lang='lat' dir='ltr'><strong>bootes</strong></span> <span class='ocrx_word' id='word_1_355' title='bbox 919 4213 979 4250; x_wconf 85' lang='lat' dir='ltr'><strong>eum</strong></span> <span class='ocrx_word' id='word_1_356' title='bbox 996 4196 1052 4252; x_wconf 91' lang='lat' dir='ltr'><strong>illis</strong></span> <span class='ocrx_word' id='word_1_357' title='bbox 1071 4212 1193 4251; x_wconf 77' lang='lat' dir='ltr'><strong>couren-</strong></span> 
     </span>
    </p>
   </div>
   <div class='ocr_carea' id='block_1_11' title="bbox 0 0 1422 4750">
    <p class='ocr_par' dir='ltr' id='par_1_12' title="bbox 0 0 1422 4750">
     <span class='ocr_line' id='line_1_43' title="bbox 0 0 1422 4750; baseline 0 3"><span class='ocrx_word' id='word_1_358' title='bbox 0 0 1422 4750; x_wconf 95' lang='lat' dir='ltr'><strong> </strong></span> 
     </span>
    </p>
   </div>
  </div>
 </body>
</html>
