2834 4750
409 236 427 337 s
510 293 720 382 πασσιμ
929 253 935 264 ’
1112 293 1169 380 aa·

51 480 123 542 καί
139 477 185 554 τίς
205 476 353 541 τοσοῦτον
375 471 516 555 σκυλμδν
544 472 745 559 περιήγοντο,
764 461 821 556 τῆς
841 471 1017 558 ἐπιδρομῆς
1034 471 1091 537 καί
1108 474 1164 557 τῆς
1248 529 1257 542 .

51 575 192 662 ἒνέδρας
224 573 268 660 μὴ
300 574 454 660 ληγούσης
482 576 545 639 τῶν
573 578 746 640 ἐναντίων·
799 569 837 636 ιδ
870 575 907 636 dd
928 576 985 658 τῆς
1005 568 1164 658 Εδροδπης

50 675 190 741 ἐνόσουν
209 679 269 758 μὲν
292 678 347 740 καί
358 674 442 738 ον’τσὶ
464 683 532 749 ταῖς
550 678 613 739 ταῖν
630 670 844 753 Πατζινοὶκων
859 674 1056 757 ἐπιδρομαῖς,
1081 695 1164 755 σχο-

49 777 159 853 λαίως
180 778 217 840 δὲ
236 775 298 860 καί
310 778 456 858 βραδέως
478 774 533 838 καί
567 778 658 858 μέρει
680 773 745 840 τινί
770 775 816 863 τῷ
839 770 918 856 πρὸς
940 770 1060 848 αδτοδς
1081 778 1163 859 πλη-

9 875 213 955 5σιοὶζοντι.
256 878 446 964 προετέρουν
464 877 500 940 δὲ
522 871 556 940 δν
576 899 641 940 τισι
671 879 861 958 προσβολαῖς
883 870 914 937 οἱ
931 871 1084 955 Ῥωμαῖοι
1108 872 1163 937 καί

48 969 160 1064 ἧτταν
184 973 449 1059 α’νιλαμβδνοντσ.
500 977 539 1040 οδ
559 973 625 1060 μὴν
646 977 706 1040 οιίδ
734 973 834 1040 irater
862 969 1104 1058 κατεπολιμηδη
1126 971 1163 1038 ιδ

47 1081 228 1164 πολεμοῦν,
250 1081 403 1156 σπονδαῖς
432 1079 467 1143 δὲ
499 1079 596 1159 μόνον
618 1077 792 1161 εἰρηνικαῖς
820 1072 997 1160 διαστολὴν
1019 1071 1166 1157 ἐλδμβα-

48 1201 109 1244 ναν
129 1173 147 1262 ἧ
169 1182 228 1242 τοῦ
251 1175 364 1253 ἔθνους
387 1174 554 1261 ἐπιδρομή.
577 1171 578 1175 ’
610 1173 650 1242 τὰ
674 1178 712 1242 δὲ
732 1177 789 1261 τῆς
807 1176 924 1261 ἀρετῆς
941 1175 1166 1261 προτερήματα
1251 1240 1255 1248 ,

47 1302 173 1346 ταυτα.
560 1332 571 1360 ,

1 1390 38 1444 ιθ
164 1381 227 1465 Τῆς
248 1380 274 1462 γ’
297 1379 495 1455 ίνδικτιῶνος
515 1377 680 1463 ἐνστάσης,
703 1380 900 1462 ἐπάρχοντος
921 1380 983 1442 τῶν
1006 1374 1086 1442 κατόὶ
1106 1375 1164 1442 τδν

39 1477 174 1566 Ἴστρον
193 1477 318 1544 πόλεων
348 1482 441 1544 τοῦτο
461 1481 646 1563 μαγίοτρου
663 1481 822 1561 βασιλέως
846 1481 906 1542 rosi
925 1476 1089 1562 Ἀποκδπη
1109 1482 1167 1543 καί

49 1583 117 1649 cori
137 1584 316 1665 μαγίιιτροο
340 1579 532 1665 Νικηφόρον
555 1582 612 1644 rori
625 1575 817 1663 περιβοήτου
833 1575 1059 1665 Βοτανειδτου,
1080 1600 1164 1663 παγ-

51 1684 142 1766 γενιί
172 1676 215 1744 ιδ’
239 1683 304 1744 τῶν
336 1671 449 1758 Odiosa
481 1674 574 1754 ἔθνος
601 1679 676 1760 μετὰ
705 1681 762 1762 τῆς
788 1679 872 1753 ἰδίοις
903 1675 1081 1763 ἀποσκευῆς
1113 1677 1166 1746 τὸν

45 1773 179 1867 Ἴστρον
205 1780 444 1864 διαπεραιωδὲν
470 1775 575 1858 ξύλοις
596 1787 731 1864 μακροῖς
751 1780 806 1844 καί
829 1782 958 1862 λέμβοις
980 1781 1165 1866 αδτοπρίμ-

1 1895 40 1948 [5
54 1905 125 1958 νοις
147 1885 203 1946 καί
220 1877 372 1966 βύρσαις,
392 1876 477 1954 roric
498 1879 736 1955 διακωλύοντας
766 1879 824 1962 τήν
845 1877 967 1945 τούτων
988 1881 1164 1964 περαίωσιν

56 1980 271 2067 Βουλγδρους
292 1985 346 2045 κατ’
366 1978 494 2058 λοιποὺς
515 1981 711 2066 οτροιτιιδτας
733 1981 995 2067 κατηγωνίσαντο,
1015 1983 1070 2043 καί
1088 1978 1165 2056 τοδς

54 2079 215 2166 ἡγεμόνας
238 2079 344 2146 αὐτῶν
365 2081 467 2145 καίτοι
497 2081 787 2164 διαγωνισαμένους
806 2081 971 2166 ἐκθύμως,
1000 2081 1056 2144 καί
1074 2083 1163 2161 μδλ-
1269 2143 1275 2153 ,

56 2189 113 2247 λσν
133 2184 193 2247 τοῦ
210 2182 437 2263 Βοτανιιοὶτου,
458 2183 685 2266 αἰχμαλώτους
698 2185 889 2265 παρέλαβον,
911 2179 967 2245 καί
986 2180 1043 2266 τὴν
1063 2185 1163 2248 dacica

55 2286 164 2349 πᾶσαν
186 2282 374 2368 ἐπλήρωσαν
389 2278 569 2364 δπαιδρον·
613 2284 853 2369 συνεψηφίςετο·
868 2279 930 2369 γὰρ
946 2279 983 2347 ιδ
1005 2279 1163 2379 ἔδνσςιιίς

2 2380 208 2469 audalaum
247 2382 411 2468 μυριάδας
443 2384 579 2467 α’νδρῶν.
636 2390 735 2468 μοῖρα
769 2386 805 2449 δέ
834 2408 882 2460 τις
919 2384 978 2447 oon
1008 2386 1163 2471 ἐλαχίστη

56 2490 122 2553 τῶν
142 2483 210 2551 duci
224 2484 409 2562 σπουδαίως
433 2482 586 2569 αἰιδρασα
607 2483 646 2550 sd
665 2485 839 2569 Ἰλλυρικὸν
869 2480 955 2551 δι’ποιν
975 2478 1054 2571 δχρι
1076 2488 1163 2553 Θισ-

55 2586 224 2671 σιιλονίκης
256 2588 312 2652 καί
340 2588 440 2670 αὐτῆς
456 2584 604 2663 Ἑλλάδος
632 2590 811 2672 κατέδραμε
845 2586 901 2651 καὶ
929 2584 1161 2678 κατοληίσατο,

56 2686 113 2754 καί
141 2690 230 2754 λείαν
264 2681 380 2775 ἤλασαν
407 2688 466 2752 oda
497 2688 686 2774 δριθμηιήν.
735 2690 870 2774 χειμῶνι
902 2691 939 2755 δὲ
967 2691 1083 2776 πολληῖ,
1102 2712 1162 2755 πο-

133 2864 175 2918 to.
195 2868 264 2936 τιδν]
293 2867 345 2922 τοῦ
362 2864 393 2920 Ο.
412 2867 530 2919 correxit
546 2865 689 2935 interprete

59 3021 177 3073 etionem
197 3018 363 3091 (planctum)
381 3021 593 3086 adducebantur,
612 3021 768 3074 incursione
792 3026 819 3074 et
836 3020 942 3075 insidiis
958 3033 1013 3075 non
1032 3022 1160 3077 desiueu.

58 3092 131 3143 tibus
150 3092 274 3143 bostium.
314 3094 384 3160 quod
401 3102 493 3148 autem
508 3094 640 3161 Europam
664 3094 769 3158 attinet,
794 3094 969 3161 aegrotabant
988 3095 1067 3146 etiam
1085 3096 1161 3162 ipsae

59 3178 102 3215 res
121 3162 322 3215 l'atsinacorum
340 3164 547 3231 incursionibus,
566 3166 640 3217 lente
657 3172 744 3216 autem
769 3172 796 3215 et
813 3166 890 3233 pigre
907 3174 937 3216 et
954 3174 1031 3232 parte
1050 3168 1162 3234 quadam

59 3236 100 3285 iis.
113 3236 256 3290 coniuncta
275 3238 427 3302 superiores
447 3246 522 3289 erant
540 3240 568 3288 in
596 3236 751 3305 quibusdam
769 3235 911 3302 impetibus
931 3236 1036 3302 Graeci,
1057 3246 1083 3289 et
1102 3239 1161 3291 cla.

59 3306 118 3357 dem
136 3306 332 3371 resarciebant,
358 3310 590 3361 verumenimvero
608 3323 663 3361 non
681 3308 718 3359 ibi
736 3307 898 3361 debellatum
923 3316 964 3360 est
981 3308 1091 3377 bellum,
1110 3327 1161 3380 pa.

60 3376 192 3428 orionibus
210 3385 311 3430 tantum
330 3381 449 3446 pacificis
468 3381 546 3433 linem
566 3380 688 3450 capiebat
700 3379 936 3449 populiincursio:
947 3382 1054 3433 virtutis
1073 3391 1161 3436 autem

60 3448 130 3499 iacta
148 3448 215 3499 baec
241 3458 324 3501 erant.

158 3519 245 3571 Tertia
270 3530 357 3574 autem
382 3524 527 3575 indictione
551 3526 662 3577 ineunte
688 3524 854 3592 principibus
879 3525 983 3576 urbium
1009 3525 1041 3575 ad
1065 3526 1161 3577 istrum

61 3592 168 3643 sitarum
192 3594 321 3661 magistro
344 3596 418 3661 regis
442 3596 571 3663 Apocape
590 3605 616 3647 et
641 3598 769 3664 magistro
787 3596 940 3664 llicephoro
959 3596 1059 3648 illustri
1076 3596 1161 3649 Rota-

60 3664 132 3713 niate
149 3670 205 3713 tota
223 3672 304 3731 gente
323 3662 439 3717 {luorum
457 3667 571 3732 populus
590 3669 699 3735 proprio
725 3682 783 3720 cum
811 3676 938 3734 apparatu
962 3668 1057 3719 istrum
1082 3670 1161 3721 troii.

62 3735 134 3784 ciens
153 3732 234 3800 lignis
253 3734 343 3802 longis
363 3744 389 3787 et
407 3735 502 3789 lembis
521 3740 646 3791 radicitus
667 3739 745 3791 lactis
773 3748 799 3792 et
817 3737 935 3806 pellibus
954 3738 1096 3806 bulgaros,
1116 3741 1162 3811 qui

62 3804 152 3855 borum
163 3796 309 3858 ‘transitum
328 3822 421 3859 arcere
440 3807 554 3873 vellent,
575 3818 602 3860 et
619 3810 740 3877 reliquos
758 3810 857 3861 milites
876 3809 1045 3861 debellarunt
1063 3820 1091 3864 et
1108 3812 1159 3864 d'u-

63 3890 107 3927 ces
126 3889 216 3925 eorum
235 3876 300 3927 licet
319 3886 467 3946 pugnantes
487 3878 592 3931 fortiter
612 3890 638 3931 et
662 3883 747 3950 magis
765 3880 917 3943 Bolaniate,
937 3882 1058 3948 captivos
1077 3899 1161 3951 cepe÷

63 3953 129 4009 runt,
148 3955 175 3997 et
193 3947 231 3999 ibi
250 3962 355 4001 omnem
379 3950 561 4017 impleverunt
586 3966 722 4018 campum:
750 3951 938 4003 numerabatur
957 3954 1025 4005 enim
1045 3956 1162 4022 populus

64 4018 132 4067 circa
149 4019 290 4086 sexaginta
308 4022 441 4087 myriades
460 4021 603 4087 bominum.
647 4022 710 4073 l’ars
730 4032 817 4074 autern
837 4024 964 4091 quaedam
982 4036 1036 4076 non
1055 4029 1163 4078 minima

65 4102 159 4153 corun,
180 4091 226 4157 qui
245 4089 283 4140 ibi
303 4100 386 4157 erant,
407 4092 526 4145 studiose
545 4093 667 4161 prolecta
679 4092 801 4160 illyriam
819 4103 902 4146 totam
920 4112 1006 4165 usque
1025 4100 1057 4151 ad
1075 4095 1161 4151 lires-

63 4158 202 4225 salonipam
232 4168 258 4211 et
282 4163 365 4229 ipsam
394 4164 531 4217 Graeciam
554 4167 667 4217 incurrit
692 4174 721 4217 et
754 4165 882 4239 spoliavit
913 4176 939 4221 et
969 4178 1072 4237 raptum
1101 4171 1162 4220 exi-

63 4230 137 4301 gebat
154 4232 385 4287 innumerabilem.
428 4238 579 4306 tempestati
606 4246 693 4291 autem
712 4238 811 4291 multae
839 4239 949 4293 obnoxii
969 4247 1028 4292 curlt
1046 4234 1083 4292 αδ
1098 4251 1162 4294 suos
