2834 4750
467 343 472 352 ,
544 278 775 348 mamm..
1125 261 1200 346 all

60 448 106 515 τά
133 451 200 533 τῆς
224 453 402 531 βασιλείας
430 447 626 535 παράσημα,
656 447 690 514 oi'
708 471 743 515 τε
770 454 863 515 ίπποι
889 448 971 532 μετά
992 448 1056 518 τάν
1075 447 1201 537 δίφρων

62 553 129 616 καί
147 549 194 616 τά
222 549 356 635 ἐρυθρά
381 549 602 633 salsamina
633 554 757 617 πέδιλα.
811 553 865 616 καί
885 547 1203 638 κατασφαλισάμενος

62 649 205 726 πάντας
220 641 345 736 Λάρκοις
366 654 420 716 καί
441 652 616 734 συνθήκαις
641 660 794 734 συχναῖς,
813 650 859 734 μή
883 645 924 716 άν
946 652 1104 734 ἀθετῆσαι
1125 652 1203 716 τοὺ-

61 773 126 816 τον
158 745 256 836 ἄχρι
291 749 347 814 καί
367 754 551 826 τελευταίας
579 755 692 837 πνοῆς,
725 747 811 816 οὑτω
840 749 899 834 τήν
930 746 1111 833 ἁλουργίδα
1137 753 1205 830 μετ’

36 851 260 936 5εὑφημίας
294 854 350 915 καί
370 851 566 937 δορυφορίας
594 849 766 938 ἀπειλήφει
788 855 915 936 πολλῆς,
935 847 991 914 καί
1009 846 1083 925 τοὺς
1105 845 1205 924 πάδας

64 961 141 1029 τοῖς
171 953 339 1037 ἐρυθροῖς
359 954 563 1034 μεταμείψας
583 955 725 1027 πεδιλυις
745 951 801 1018 καί
815 953 860 1027 εἰς
880 953 1065 1036 αὑτοβαφὲς
1085 949 1207 1014 suarm

67 1051 137 1137 βάς
172 1043 296 1138 ὄχημα
318 1047 404 1132 ’μετά
431 1055 549 1135 πολλῆς
576 1056 754 1136 α’χερωχίας
779 1056 835 1118 καί
855 1051 1131 1139 ’φρονηματισμοῦ
1152 1049 1208 1112 καί

69 1157 135 1236 τῆς
163 1157 233 1219 τοῦ
266 1153 403 1238 στρατοῦ
432 1154 509 1238 βοῆς
541 1157 595 1218 καί
614 1154 696 1236 ἠχῆς
727 1155 773 1228 εἷς
802 1142 1206 1238 Ἀδριανοὺπολικῷχετο,

71 1248 158 1337 ἄρτι
182 1257 253 1318 τοῦ
287 1241 459 1337 νοεμβρίον
486 1252 586 1338 μηνὸς
621 1254 825 1340 ἐπιστάντος,
856 1248 909 1319 ὅτε
931 1248 1077 1336 κατηφής
1101 1246 1119 1312 ὑ
1142 1246 1205 1332 άὴρ

25 1366 63 1419 10
72 1357 113 1419 ἐκ
140 1355 205 1437 τῆς
230 1357 291 1419 τοῦ
311 1353 453 1437 μεγάλου
477 1359 645 1441 φωστῆρος
668 1354 913 1440 ὑποχωρήσεως,
935 1352 1015 1439 πρὸς
1036 1351 1071 1417 τὸ
1092 1371 1209 1430 ταυριι-

74 1453 138 1519 κόν
167 1447 466 1535 ζοάδιονάπιόντος,
490 1453 547 1520 καί
566 1454 698 1538 στυχνὸς
721 1462 962 1542 καταφαίνεται.
1000 1448 1209 1541 αἰχμάλωτος
1288 1525 1298 1538 ⁸

76 1554 330 1639 δὲ’τηνικαάτα
352 1554 488 1640 ληφθείς
511 1550 528 1616 ὑ
557 1556 712 1638 πρόεδρος
732 1558 971 1629 Κωνσταντῖνος
1000 1551 1017 1618 ὑ
1040 1553 1209 1632 Θεοδωρο-

79 1651 200 1737 κάνος,
227 1652 311 1736 άνὴρ
343 1654 464 1733 ἔνδοξος
499 1655 554 1720 καί
582 1643 691 1740 γάνους
723 1659 932 1740 ἐπισημάτητι
952 1658 1008 1719 καί
1028 1655 1101 1735 βίου
1126 1658 1209 1732 λαμ·

80 1754 235 1840 πρότητι
254 1755 438 1841 καταφανής
457 1754 775 1840 καταγινωσκάμενος,
799 1752 836 1820 οὑ
859 1741 962 1832 καλιάς
981 1760 1040 1838 μὲν
1061 1753 1136 1818 οὐδὲ
1157 1752 1211 1815 δι-

36 1862 72 1918 15
83 1859 194 1933 καίως
215 1860 295 1940 παρ’
319 1857 420 1921 αὑτοῦ
439 1861 642 1943 προσεδδχθη
665 1858 721 1924 καί
740 1857 783 1932 οὑς
805 1852 851 1933 εἷς
873 1860 935 1923 τῶν
957 1858 1075 1940 α’χενῶν
1096 1875 1212 1934 παρω-

83 1956 197 2041 ράθη,
223 1955 261 2018 οὔ
284 1955 347 2040 μὴν
370 1958 405 2022 δὲ
420 1956 602 2040 σωματικὴν
620 1963 780 2042 τιμωριάν
800 1957 939 2042 ὑπέστης
958 1957 1111 2038 καίτοιγε
1131 1950 1219 2030 ταὺ,

86 2081 147 2140 την
173 2053 366 2121 ὑποπτεύων
386 2056 439 2122 διά
462 2061 724 2143 προηγησαμένας
744 2057 868 2142 ἔχθρας
891 2061 947 2122 καί
972 2055 1082 2138 μάχας
1105 2076 1211 2140 κεφα-

88 2152 204 2231 λικάς.
252 2157 470 2241 φυγαδευδείς
501 2162 537 2224 δὲ
559 2158 639 2246 πρός
659 2183 730 2225 τινα
756 2159 819 2223 τάν
840 2159 1072 2223 Μακεδονικῶν
1090 2153 1239 2226 nolam
1256 2169 1344 2228 κλει.

90 2257 167 2336 μετ’
198 2257 239 2320 ου’
261 2257 341 2324 πολὺ
361 2260 406 2346 τῷ
426 2257 533 2342 χρεών
553 2255 812 2343 ἐλειτούργησεν·
855 2257 916 2323 εἴτε
937 2258 1063 2346 φυσικῷ
1081 2251 1209 2344 θανάτῳ

44 2355 154 2424 2οεὶ’τ’
178 2357 214 2437 ἐξ
238 2362 407 2445 ἐπιβουλῆς
429 2362 649 2447 κερασθέντος,
675 2363 780 2437 ου’δείς
803 2362 943 2446 α’κριβῶς
965 2361 1143 2425 ἐπίσταται.
1251 2354 1255 2358 ’

200 2459 250 2525 Ἐν
275 2461 310 2523 δὲ
333 2464 377 2551 τῷ
398 2466 526 2543 μέλλειν
549 2462 713 2527 εἰσελάσαι
734 2462 790 2527 τὸν
812 2464 988 2548 Βρυέννιον
1009 2462 1055 2534 εἰς
1075 2457 1213 2541 Ἀδρια-

95 2558 256 2651 νοὺπολιν
278 2563 366 2628 πάσα
386 2560 503 2645 σχεδάν
524 2562 544 2646 ἦ
566 2561 656 2637 πόλις
686 2545 743 2647 τήν
769 2542 1216 2651 προειὺιειμένην’περιχωρδν

98 2660 335 2748 κατελάμβανε,
356 2661 412 2728 καί
430 2658 469 2748 ἦν
490 2662 525 2727 τά
540 2667 662 2751 πλῆθος
682 2664 834 2749 άγεληδάν
855 2666 1088 2747 διακεχυμένον
1107 2662 1153 2737 είς
1174 2655 1211 2723 τά

105 2930 190 2995 σείσειε
209 2942 287 3011 regni
308 2942 440 3012 insignia,
467 2946 529 3012 equi
557 2960 616 2997 cum
643 2960 722 2996 curru
742 2952 770 2996 et
785 2943 866 2995 rubra
883 2944 1013 3011 regiaque
1038 2940 1166 2994 sandalaa
1189 2948 1217 2994 et

103 3024 251 3083 postquam
271 3015 438 3067 confirmavit
452 3031 543 3068 omnes
563 3016 734 3068 iureiurando
750 3025 776 3067 et
796 3013 963 3082 pactionibus
978 3012 1078 3077 multis,
1097 3027 1132 3062 ne
1150 3026 1218 3078 pro,-

106 3088 206 3139 derent
218 3101 278 3137 eum
290 3102 375 3155 usque
391 3087 424 3139 ad
438 3088 558 3139 ultimum
574 3089 704 3154 spiritum,
725 3089 765 3140 sic
782 3100 924 3153 purpuram
943 3099 1001 3135 cum
1014 3083 1176 3135 salutatione
1191 3090 1219 3135 at

107 3160 238 3209 comitatu
259 3161 364 3226 accepit
382 3158 475 3223 multo,
495 3168 522 3210 ot
538 3161 620 3226 pedes
635 3158 724 3210 rubris
740 3158 906 3226 distinguens
925 3155 1042 3207 sandalis
1062 3161 1089 3204 et
1106 3153 1218 3204 tinctum

106 3230 259 3283 ascendens
272 3246 376 3282 currum
390 3246 448 3281 cum
463 3230 545 3281 multa
556 3230 682 3296 superbia
697 3240 724 3281 et
736 3230 889 3297 arrogantia
903 3235 930 3278 et
946 3227 1079 3278 exercitus
1099 3223 1217 3276 clamore

110 3310 138 3352 et
169 3301 363 3353 exclamatione
380 3299 573 3369 Adrialropolin
600 3303 738 3368 proiectus
764 3310 819 3365 est,
849 3316 907 3351 cum
934 3297 1047 3349 maxime
1066 3296 1219 3349 November

109 3375 212 3424 mensis
236 3374 361 3439 instaret,
388 3374 492 3442 quando
516 3388 611 3425 caecus
638 3389 684 3423 aer
708 3381 819 3440 propter
843 3386 978 3423 recessum
1003 3368 1091 3437 magni
1110 3366 1219 3419 luminis
1275 3388 1281 3401 ¹

109 3445 145 3494 ad
164 3445 233 3493 tauri
263 3445 367 3509 signum
395 3445 517 3497 abeuntis
547 3454 573 3497 et
598 3445 727 3497 obscurus
758 3451 877 3511 apparet.
915 3442 1037 3508 captivus
1057 3448 1145 3491 autem
1165 3445 1220 3489 tum

112 3515 201 3565 lactus
217 3528 327 3580 praeses
338 3513 527 3567 Constantinus
538 3517 770 3581 Theodorocanus,
791 3516 833 3567 vir
848 3516 935 3565 clarus
950 3522 977 3564 et
995 3512 1104 3580 generis
1124 3507 1220 3577 splen.

111 3586 180 3637 dore
201 3591 227 3635 et
245 3585 317 3635 vitae
337 3584 459 3637 claritate
479 3587 592 3639 illustris
611 3596 757 3655 spectatus,
776 3601 829 3638 non
842 3584 955 3653 pulchre
974 3583 1080 3652 quidem
1101 3588 1128 3632 et
1148 3580 1219 3631 iusto

112 3657 147 3707 ab
168 3671 200 3705 eo
221 3663 348 3721 exceptus
366 3664 406 3707 est
425 3666 452 3708 ct
470 3674 537 3710 unus
558 3674 590 3709 ex
611 3659 775 3727 ignobilibus
795 3657 1011 3725 cstncglcctus,
1030 3654 1078 3704 sed
1098 3650 1220 3718 corporis

113 3742 228 3796 poenam
247 3740 301 3777 nou
321 3727 419 3791 subiit,
446 3728 512 3779 licet
531 3729 599 3780 hauc
624 3732 774 3803 suspicatus
799 3737 909 3797 propter
931 3728 1035 3794 priores
1066 3722 1219 3774 inimicitias

114 3808 142 3852 et
162 3815 265 3870 pugnas
285 3797 429 3865 capitales,
457 3799 583 3866 expulsus
609 3809 697 3853 autem
723 3803 755 3852 ad
781 3801 909 3870 quandam
934 3798 1107 3851 Macedonum
1126 3793 1219 3845 urbem

113 3887 168 3923 non
186 3872 270 3923 multo
293 3878 355 3937 post
380 3872 569 3922 necessitatem
596 3874 738 3937 sustinuit,
763 3888 831 3939 quac
863 3886 924 3922 num
944 3875 1029 3929 morta
1047 3864 1163 3919 naturali
1182 3878 1216 3917 an

114 3941 219 3997 insidiis
240 3944 265 3993 ei
286 3950 377 4009 parata
398 3942 487 4006 fucrit,
511 3958 588 3994 nenio
608 3953 682 3995 certo
705 3944 766 3996 soit.

215 4039 280 4094 cum
298 4047 386 4091 autem
398 4041 567 4108 ingressurus
584 4047 656 4092 esset
669 4040 821 4106 Brycnnius
834 4038 1036 4106 adrianopolim,
1057 4038 1142 4089 omnis
1161 4035 1220 4086 iero

116 4110 177 4163 urbs
202 4118 348 4165 exstantem
376 4112 541 4165 vicinitatem
573 4112 697 4179 excepit:
723 4118 803 4181 atque
838 4118 894 4161 erat
919 4109 1058 4162 multitudo
1085 4106 1219 4177 gregatim

118 4182 199 4237 eliasu
219 4198 266 4252 per
286 4200 419 4253 campum,
445 4198 568 4253 pompam
587 4185 644 4245 eius
670 4184 816 4253 excipiens.
864 4181 907 4235 ubi
934 4188 1022 4235 autem
1042 4180 1221 4248 apparuerunt
