2834 4750
538 254 788 327 maronia·
890 296 892 303 ν
1017 327 1020 338 ,
1119 256 1195 333 265

52 416 187 507 ύψηλῷ
212 419 278 485 καί
300 417 380 509 θείιρ
401 422 550 506 βραχίονι
569 420 734 497 α’σπασίως
757 418 811 487 καί
831 422 890 487 σύν
914 425 1013 514 πολλῇ
1029 424 1069 509 τῆ
1090 426 1194 511 ου’φηι

52 524 122 610 μίρι
158 525 224 586 καί
250 531 319 598 τοῖς
350 524 544 603 ἀλαλαγμοῖς
576 518 780 605 ύπεδέχοντο.
834 523 1069 611 μισθοφορικόν
1102 528 1132 591 δ’
1158 528 1193 591 ἔκ

54 626 122 707 τῆς
159 626 228 687 τού
261 624 429 688 οἷντιθὲτοο
458 626 620 705 βασιλέως
650 625 827 709 α’ποστολῆς
858 628 896 713 τῇ
925 623 1005 690 κατοὶ
1032 626 1193 709 Βιθυνίαν
1237 609 1240 617 ¹

56 726 198 813 Νικαίρι
224 724 470 805 ἐπιξενούμενον
503 725 558 789 καί
587 728 765 807 συντηρούν
795 729 999 813 epidauria&
1026 725 1080 811 τὴν
1102 727 1193 793 πόλιν

25 826 169 907 5δῆθεν
194 816 478 909 ἇπερικτύπητον,
505 827 567 908 πρό
597 827 694 909 τριῶν
713 822 840 909 ἡμερῶν
873 825 1043 892 καταλιπόν
1063 827 1098 891 τό
1123 824 1194 893 ἐπί-

57 950 182 1009 ταγμα
220 928 281 989 καί
312 928 366 1009 τῆς
404 930 461 989 τού
495 930 682 1009 πέμψαντος
720 926 873 1010 εύηθείας
907 925 1194 1011 κατορχιγσύμενον,

54 1026 151 1107 μετὰ
172 1028 336 1089 δουλικοῦ
349 1031 404 1091 καί
422 1029 641 1111 συντάγματος
656 1032 711 1093 καί
725 1030 886 1120 σχήματος
909 1026 1068 1112 α’πῆντιγσε
1090 1028 1192 1117 τούτῳ

57 1130 110 1216 τῷ
139 1130 327 1214 Κοτυαείιρ
349 1132 571 1211 προσμίξαντι.
591 1132 644 1193 καί
665 1127 722 1213 τήν
746 1130 892 1195 δουλείαν
920 1124 1119 1213 όμολογῆσαν
1142 1127 1197 1195 καί

58 1223 98 1292 τό
125 1230 191 1311 τῆς
215 1230 358 1301 πίστεως
387 1233 622 1313 τρανολογῆσαν
652 1225 854 1311 ύπόδειγμα,
888 1228 1120 1313 προεπορεύετο
1142 1228 1196 1293 καί

12 1352 48 1407 10
61 1325 331 1413 προεκινδύνευε
360 1328 575 1411 τούτουμετύ
604 1333 666 1394 τοῖν
689 1330 779 1395 ἰδίων
810 1323 1117 1395 intersericum
1141 1334 1196 1395 καί

59 1430 124 1512 τῆς
152 1422 266 1511 ἄλλης
287 1417 501 1513 παρασκευῆς.
555 1427 608 1494 διό
644 1430 810 1512 θαύματος
843 1433 870 1493 δ’
902 1427 1037 1495 ἐποιεῖτο
1071 1434 1137 1504 πούς
1165 1425 1196 1495 οἱ

62 1534 217 1612 θρασεῖς
244 1532 300 1593 καί
318 1524 563 1611 πολεμικώτατοι
589 1535 725 1613 Τοῠρκοι
755 1532 907 1595 τιθασσοί
935 1532 991 1593 καί
1011 1524 1195 1614 χειροήθεις

62 1631 244 1713 γεγόνασι,
270 1632 325 1694 καί
342 1628 397 1694 τόν
418 1629 565 1696 δουλικὸν
597 1630 692 1714 ζυγόν
716 1631 866 1696 ύπελθεῖν
888 1633 1119 1715 κατατίθενται,
1141 1632 1195 1695 καί

71 1731 315 1815 περινοστοῦσι
335 1733 395 1812 μὲν
417 1726 645 1813 ἱππαζόμεναι,
668 1730 859 1819 δορυφόρων
882 1734 918 1797 δὲ
937 1729 1023 1811 τάξιν
1048 1731 1194 1816 α’ποπλιγ-

18 1850 54 1902 15
66 1834 227 1918 ρούντεςι
241 1832 314 1897 εἰσί.

184 1927 261 1997 Καί
280 1935 381 1998 ταῦτα
405 1935 465 2014 μὲν
485 1936 812 2017 ε’θαυματουργούντο
836 1936 941 2019 ’μέχρι
965 1937 1104 2009 Νικαίας
1134 1934 1193 1997 αύ-

70 2039 156 2120 τῆς,
182 2036 247 2099 τού
269 2037 545 2117 προσκυνούμενον
566 2039 700 2117 σημείου
723 2036 771 2099 ἐπ’
792 2032 925 2115 α’νόματι
942 2038 1001 2099 τού
1014 2023 1193 2120 ἀρχιστρα-

72 2135 181 2222 τήγου
215 2138 454 2220 προηγουμένου
476 2134 625 2222 πόντων,
647 2140 702 2201 καί
729 2139 993 2222 προφυλακτικούς
1020 2133 1077 2212 τούς
1099 2134 1195 2213 ὁδούς

70 2235 331 2319 ύπανοίγοντος,
366 2240 425 2300 καί
453 2236 512 2320 τήν
540 2239 585 2313 είς
613 2235 713 2302 αι’τόν
751 2240 857 2301 πίστιν
886 2240 945 2300 τού
974 2237 1324 2319 βασιλεύοντοςλλλόκ,
1406 2262 1407 2269 ³

25 2336 229 2424 νοστερρύν
250 2338 305 2403 καί
328 2336 498 2422 α’κλόνιμον
521 2333 793 2423 ύπεμφαίνοντος,
819 2342 874 2404 καί
902 2335 960 2423 τόν
981 2334 1079 2423 χοίριν
1102 2332 1194 2402 διδό-

75 2465 135 2505 ναι
160 2441 357 2522 θαυμασίαν
376 2441 409 2515 ἑξ
430 2437 531 2523 ἔργων
552 2437 845 2524 παραύεικνύοντος.
890 2443 929 2527 τῇ
952 2441 987 2504 δὲ
1009 2443 1129 2530 Νικαίρ
1150 2441 1194 2526 τῷ

74 2547 219 2624 βασιλεῖ
246 2542 488 2624 προσεγγίσαντι
516 2544 631 2626 χορεία
651 2565 698 2616 τις
720 2539 909 2626 ἐναρμόνιος
931 2549 997 2617 τοῖς
1024 2543 1192 2625 ἐγχωρίοις

77 2645 226 2726 συνίστη
259 2643 313 2705 καί
334 2640 444 2726 κρότος
479 2644 654 2729 εύφημίαις
681 2643 899 2730 ύπέρσεμνος,
922 2639 1046 2710 πόντων
1062 2639 1193 2728 χαρμό-
1265 2682 1267 2686 .

79 2768 170 2809 σανα
194 2741 339 2810 θυόντων
369 2745 425 2808 καί
440 2743 655 2832 χαριστήρια,
677 2747 733 2812 καί
754 2747 809 2830 τῆς
831 2751 989 2837 σωτηρίας
1012 2767 1194 2832 προκηρύτ-

82 3083 196 3139 antem,
216 3074 261 3142 qui
281 3090 314 3125 ex
333 3074 451 3141 oppositi
468 3073 541 3142 regis
559 3075 688 3126 missione
706 3073 822 3126 Nicaeae
846 3072 990 3140 Bithyniae
1015 3073 1191 3127 versabantur

83 3156 112 3199 et
131 3147 194 3215 regi
213 3147 357 3198 servabant
375 3146 466 3197 urbem
485 3145 579 3197 turbae
599 3154 746 3212 expertem,
766 3153 827 3196 ante
847 3154 901 3198 tres
920 3143 1191 3214 dies'relinquentes

81 3219 238 3270 mandatum
257 3226 284 3268 et
308 3218 368 3269 'eius
394 3219 439 3285 qui
466 3232 512 3268 eos
535 3218 644 3269 miserat
669 3215 834 3283 simplicitati
862 3215 1021 3268 insultantes
1046 3217 1140 3269 servili
1166 3226 1192 3269 et

23 3334 27 3342 .
83 3291 182 3341 ordine
209 3297 236 3341 et
254 3289 346 3341 babitu
365 3288 534 3340 obvenerunt
552 3288 615 3339 huic
635 3289 681 3356 qui
701 3289 820 3358 Cotpaeo
840 3304 870 3342 se
889 3289 1063 3340 coniunxerat
1086 3295 1112 3338 et
1131 3303 1192 3340 ser.
1283 3339 1294 3350 ,

83 3362 366 3426 vitutemprofitentes
380 3368 407 3411 et
425 3360 486 3410 fidei
505 3367 607 3412 certum
627 3361 718 3411 dantes
737 3360 932 3423 documentum,
953 3359 1192 3426 progrediebantur
1301 3370 1307 3382 ¹

84 3440 112 3483 et
131 3432 338 3498 propugnabant
357 3431 420 3481 huic
439 3447 497 3493 cpm
517 3432 573 3483 suis
593 3432 672 3483 armis
692 3439 718 3482 et
729 3432 804 3499 equis
825 3440 852 3482 et
871 3438 961 3483 cetero
973 3439 1110 3497 apparatu.
1139 3432 1192 3480 mi.

83 3501 180 3553 racnlo
200 3509 287 3553 autem
306 3501 395 3563 fiebat,
418 3503 549 3569 quomodo
568 3503 657 3569 asperi
678 3511 705 3555 et
722 3501 924 3555 bellicosissimi
941 3502 1044 3566 ¹Turcae
1068 3501 1146 3553 mites
1167 3510 1194 3554 et

84 3573 221 3624 mansueti
241 3572 305 3622 iacti
324 3573 377 3624 sint
406 3581 432 3622 et
457 3575 488 3625 ad
516 3575 621 3625 servitii
645 3576 737 3642 iugum
762 3574 927 3625 subeundum
954 3589 984 3625 se
1008 3573 1143 3639 deponant
1168 3581 1194 3624 et
1287 3597 1289 3602 ·

85 3646 254 3696 circumeant
274 3645 425 3710 equitantes
446 3652 472 3695 et
490 3644 635 3697 satellitum
656 3647 776 3697 ordinem
794 3645 931 3712 impleant.

187 3731 277 3799 Atque
295 3728 363 3781 haec
383 3732 488 3798 quidem
506 3732 668 3785 miraculose
690 3732 789 3784 fiebant
807 3748 891 3801 usque
911 3732 1079 3792 adllicaeam
1098 3733 1192 3798 ipsam,

85 3819 146 3855 cum
166 3803 303 3854 adoratum
322 3803 427 3869 signum
448 3802 496 3855 sub
520 3804 629 3855 nomine
654 3806 734 3871 primi
764 3805 839 3856 ducis
867 3803 985 3871 praeiret
1017 3801 1138 3856 omuibus
1167 3812 1194 3856 et

87 3882 165 3925 caute
183 3876 241 3925 vias
261 3873 379 3940 aperiret
399 3874 508 3940 etregis
527 3875 605 3926 iidem
616 3876 643 3925 in
655 3891 714 3925 eum
732 3875 831 3926 firmam
850 3883 877 3926 et
893 3876 1079 3927 inconcussam
1098 3881 1193 3926 osten.

86 3945 174 4009 deret,
204 3954 231 3998 et
260 3947 372 4014 gratiam
399 3945 512 3997 reddere
540 3945 721 3996 admirabilem
750 3946 895 3997 secundum
927 3946 997 3997 iacta
1023 3954 1192 3998 monstraret.

87 4018 146 4082 regi
167 4025 255 4068 autem
265 4018 382 4069 Nicaeae
403 4015 626 4085 appropinquanti
642 4016 739 4068 chorus
759 4019 906 4069 concinnus
924 4015 1073 4068 incolarum
1093 4018 1196 4070 adstitit

91 4095 117 4137 et
135 4087 234 4140 clamor
246 4087 372 4140 laudibus
387 4094 524 4157 augustus,
544 4087 665 4140 omnibus
681 4103 758 4141 sacra
768 4089 860 4157 gaudii
873 4095 900 4140 et
911 4089 1013 4158 gratiae
1024 4085 1194 4153 iacientibus,

90 4162 118 4207 et
137 4157 231 4213 salutis
249 4158 434 4214 nuntiantibus
455 4159 542 4228 signa,
561 4159 599 4211 ita
617 4164 648 4212 nt
667 4167 694 4212 et
716 4160 767 4230 ipsi
786 4167 926 4229 stuperent
941 4159 1034 4215 hostes
1052 4165 1195 4231 atquetnut
