2834 4750
159 329 164 336 ,
235 249 307 341 ἐν.
504 359 509 368 ,
558 269 778 370 aicadrus
807 267 1069 358 smrrroms

252 430 330 515 πρὸς
349 429 472 515 μικρόν.
492 424 546 496 εἶτ’
566 433 781 515 α’νενεγκοῦοα
797 435 858 496 τῶν
872 431 1044 512 ἐλλογίμων
1062 424 1160 509 α’νιλρί
1169 447 1234 490 τινι
1257 420 1368 506 ἱερω-

251 535 336 620 μένην
356 554 389 595 τε
409 535 465 596 κατ’
485 535 640 608 συνέσεως
661 535 789 615 γέμοντι
811 533 867 596 καί
885 529 1092 610 πολυπειρίας
1114 525 1172 590 οῦκ
1187 527 1367 591 ἀποδέοντι

254 635 365 713 (Λέων
388 634 584 717 προσηγορία
612 634 656 720 τρῖ
685 631 794 716 α’νιλρί)
815 627 874 713 την
902 632 1056 713 διοίκησιν
1079 629 1142 692 ταῖν
1160 623 1368 711 πραγμάτων

171 729 177 742 “
252 734 435 814 ἐπέτρεψεν.
478 734 621 808 ἐπιεικοῦς
642 723 700 796 οῦν
722 723 813 804 οὗτος
839 733 874 794 ἐν
896 726 1016 794 ἅπασιν
1039 729 1175 812 ἐνεργῶν
1200 728 1257 789 καί
1279 720 1366 788 κατύ

253 825 343 916 λύγον
365 839 431 908 τοϊς
452 836 714 914 παρεμπίπτουσι
736 827 909 914 χρύμινος,
934 833 989 894 κατ’
1008 829 1064 893 τὸν
1084 829 1179 909 νόμον
1198 825 1387 907 noroegia-5

214 963 218 972 ⁴
252 954 304 1009 νος
324 935 485 1018 βούλημα,
512 932 619 998 πᾶσαν
648 932 799 1010 ιῦταξιάν
822 929 878 995 καί
900 933 1054 1010 ου’νομιάν
1080 927 1238 1010 ,πεποίηκε
1262 933 1363 990 πολι.

252 1033 415 1098 redactas.
471 1031 526 1097 καί
547 1034 759 1098 α’στααιάατον
782 1023 820 1115 ἦν
849 1031 889 1096 ού
908 1031 1004 1111 μόνον
1024 1028 1057 1094 τύ
1078 1025 1248 1109 Ῥωμαίοις
1273 1027 1366 1111 duai-

253 1159 322 1198 κοον
345 1133 425 1198 α’λλὰ
450 1136 505 1196 καί
530 1132 608 1196 αύτὸ
629 1130 664 1195 τό
686 1131 884 1216 ἀλλόφυλον,
917 1135 974 1195 τοῦ
990 1133 1070 1194 θεοῦ
1091 1128 1215 1204 πάντως
1237 1129 1365 1211 ευάρε-

252 1236 426 1316 ατουμένου
447 1234 485 1318 τῇ
503 1233 698 1318 α’γαθοεργίηι
717 1236 780 1297 τῶν
795 1230 938 1315 πράξεων
959 1237 1014 1296 καί
1033 1232 1071 1295 τύ
1093 1226 1202 1295 σκολιοὶ
1226 1231 1278 1304 εἷς
1303 1230 1364 1292 εῦ-

253 1339 347 1399 erras
368 1334 614 1414 ἐξομαλίζαντος.
1372 1336 1397 1387 10

358 1437 421 1514 Τῆς
443 1433 478 1496 δὲ
500 1429 650 1516 τοιαύτης
664 1434 852 1518 βασιλίσσης
871 1430 951 1517 πρὸς
972 1432 1030 1514 την
1044 1433 1167 1496 ἐκεῖθεν
1187 1434 1365 1512 βασιλειάν

254 1528 429 1617 μελλούσης
457 1533 693 1615 μεταναστῆναι
726 1529 939 1616 (ἑμονύρχησε
969 1530 1030 1615 γὰρ
1062 1529 1178 1614 χρόνον
1212 1531 1270 1594 ἓνα
1310 1527 1368 1593 καί

252 1633 487 1718 μῆναςό’κτώ)
516 1631 591 1714 περὶ
611 1636 772 1713 ’βασιλέως
806 1636 933 1719 φροντίς
961 1642 1086 1713 κατεῖχε
1117 1631 1191 1708 τοῦς
1224 1629 1259 1695 ἐν
1296 1639 1366 1704 τοῖς
1406 1630 1407 1633 ’

253 1734 428 1816 βασιλείοις
450 1730 490 1797 τὰ
518 1733 627 1816 προῦτα
658 1737 825 1818 φέροντας.
868 1733 984 1808 καλούς
1013 1729 1047 1796 τύ
1071 1733 1274 1812 α’ποιίλισμα
1296 1758 1366 1795 ιτα-

255 1833 441 1919 ρεστὴσατο,
463 1834 541 1914 ου’χί
561 1831 617 1896 τὸν
637 1838 787 1915 γενναίως
809 1833 1017 1914 α’νθιξόμενον
1029 1837 1085 1916 τῆς
1105 1832 1209 1916 ἀρχῆς
1237 1831 1394 1915 daero-li

254 1937 370 2022 ρεῦοαι
384 1934 575 2018 προείλοντο,
603 1932 669 1997 ἀλλ’
691 1930 726 2025 ῦς
740 1926 778 1998 ῦν
791 1935 913 2014 μᾶλλον
931 1928 1039 2010 ύπτιος
1054 1930 1156 1998 ἔσοιτο
1174 1931 1229 1996 καί
1248 1932 1366 2008 αύτοῖς

255 2034 477 2116 ύποκείμενος,
498 2037 554 2098 κατ’
574 2036 613 2120 τῇ
634 2030 768 2122 α’φελείηι
790 2037 845 2100 καί
865 2034 997 2124 α’μελείρι
1018 2032 1078 2117 τὴν
1098 2036 1253 2119 διοίκησιν
1274 2035 1366 2115 μῦλ-
1406 2120 1407 2125 ¹

254 2140 309 2199 λον
331 2133 439 2210 αύτοῖς
459 2134 628 2200 ἀναθεῖναι
646 2133 691 2219 μὴ
714 2134 938 2218 ἶσχορύιαιτα.’

133 2263 157 2302 a
179 2239 247 2300 1056
358 2231 603 2318 Ἀναγορεύουσι
624 2234 729 2301 τοίνυν
746 2236 925 2320 πρεσβύτην
945 2234 1016 2300 τινὰ
1047 2232 1282 2316 ὀνομαζόμενον
1302 2240 1363 2317 μὲν

133 2317 247 2387 Mul·
258 2335 406 2422 Μιχαὴλ,
420 2343 592 2411 πολιτικοῖς
606 2338 642 2400 δὲ
656 2339 937 2422 συντεθραμμένον
954 2327 1051 2421 ἦβισί
1061 2359 1096 2402 τε
1110 2336 1164 2399 καί
1177 2331 1393 2418 sparnacum

258 2438 312 2503 καί
332 2434 365 2502 τύ
388 2438 446 2503 τοῦ
467 2440 695 2522 στρατιωτικοῦ
723 2440 892 2522 τηνικαῦτα
914 2440 1108 2525 διαφέροντα
1138 2458 1174 2501 σε
1196 2480 1335 2507 .....
1351 2486 1359 2517 ,

258 2538 380 2604 ἁπλοῦν
398 2542 457 2618 μὲν
491 2535 546 2607 καί
563 2538 669 2622 οἶφελῆ
698 2538 779 2602 κατὰ
802 2536 836 2602 τύ
860 2534 956 2618 δόξαν
978 2532 1106 2621 αῦτοίς,
1128 2544 1235 2602 πλεῖον
1256 2539 1294 2601 δὲ
1314 2541 1360 2626 τῷ

257 2635 348 2723 γηρει
366 2635 573 2724 τρυχόμενον,
594 2634 650 2702 καί
669 2637 723 2703 deul
745 2642 839 2704 τοῦτο
860 2646 1016 2717 κοινωνοῖς
1051 2642 1160 2714 αύτοῖς
1181 2644 1239 2723 τῆς
1258 2643 1360 2720 βασι·
1406 2689 1407 2694 1

256 2944 317 2996 viro
347 2942 449 2994 cuidam
475 2956 550 2995 sacro
578 2950 604 2994 et
631 2944 787 3011 prudentiae
811 2943 894 3011 pleno
920 2945 1204 3013 neque-experientia
1230 2945 1358 2997 destituto

258 3012 348 3083 (Leon
367 3027 464 3065 nomeu
484 3021 541 3066 erat
560 3016 633 3085 viro]
653 3016 908 3081 administrationem
927 3032 1014 3067 rerum
1043 3017 1158 3068 tradidit.
1195 3023 1257 3084 apte
1275 3017 1358 3085 igitur

258 3087 302 3138 hie
321 3087 349 3136 in
369 3084 490 3139 omuibus
511 3102 594 3154 agens
614 3095 640 3137 ct
659 3103 718 3137 cum
736 3087 840 3137 ratione
865 3087 970 3138 casibus
989 3102 1052 3139 usus
1081 3097 1108 3139 et
1131 3087 1219 3155 legem
1243 3088 1357 3139 reddens

256 3155 439 3221 voluntatem,
466 3158 570 3223 effecit,
596 3166 625 3209 ut
644 3158 728 3210 omnis
748 3158 848 3209 ordinis
868 3166 895 3209 et
912 3158 1003 3225 legum
1021 3160 1089 3209 ratio
1108 3160 1134 3209 in
1153 3159 1358 3210 administranda

258 3230 369 3295 civitate
387 3227 538 3281 haberetur.
566 3237 593 3280 et
611 3230 752 3282 seditionis
771 3237 895 3297 expertes
916 3238 991 3280 eraut
1003 3244 1057 3280 non
1077 3230 1163 3282 solnm
1182 3231 1228 3297 qui
1248 3228 1357 3294 Graecis

258 3297 372 3351 subiecti
392 3307 481 3365 eraut,
501 3299 548 3351 sed
568 3302 647 3351 etiam
665 3302 741 3367 ipsae
759 3300 829 3352 aliae
848 3310 953 3369 gentes,
975 3316 1033 3351 cum
1052 3302 1117 3353 deus
1136 3302 1244 3352 omnino
1264 3299 1357 3351 delec-

257 3377 359 3421 taretur
378 3370 478 3421 virtute
497 3386 604 3436 rerum,
630 3379 658 3421 et
676 3370 785 3440 obliqua
803 3373 830 3422 in
848 3372 1034 3424 rectitudinem
1059 3381 1195 3440 aequaret.

357 3457 423 3510 Gurn
448 3465 535 3508 autem
561 3456 627 3508 haec
653 3457 714 3509 tulis
739 3459 832 3527 regina
851 3459 884 3510 ad
907 3474 1032 3525 superum
1051 3458 1118 3511 illud
1136 3475 1250 3528 regnum
1269 3469 1356 3515 trans.

256 3543 382 3597 gressum
410 3537 481 3581 esset
506 3532 682 3597 (regnaverat
707 3530 777 3581 enim
796 3545 891 3580 annum
916 3546 998 3581 unum
1023 3540 1051 3583 et
1068 3546 1176 3582 menses
1202 3537 1299 3601 octo),
1325 3535 1356 3584 de

255 3615 322 3666 rege
348 3602 463 3653 creando
490 3615 552 3651 cura
571 3602 715 3667 occupavit
733 3616 789 3664 eos,
810 3601 901 3667 quiin
920 3602 1116 3670 regiaprimos
1136 3602 1253 3655 honores
1273 3603 1356 3655 habe.

254 3670 333 3733 bant;
354 3680 381 3723 ct
409 3688 468 3723 cum
496 3672 556 3723 linis
583 3672 697 3735 adesset,
723 3687 777 3722 uon
803 3671 868 3722 eum'
887 3673 932 3739 qui
955 3672 1085 3723 nobiliter
1110 3682 1267 3740 recepturus
1287 3682 1357 3726 esset

256 3741 395 3805 imperium
415 3758 507 3795 creare
526 3741 669 3806 volebant,
695 3743 744 3794 sed
763 3758 838 3805 cum,
858 3744 903 3809 qui
922 3744 1005 3810 magis
1025 3743 1139 3796 inferior
1160 3745 1265 3796 futurus
1287 3754 1358 3797 esset

254 3810 344 3877 iisque
362 3811 513 3877 subiectus,
535 3822 561 3865 et
580 3812 751 3881 simplicitate
770 3821 797 3864 et
813 3812 981 3882 negligentia
999 3815 1253 3867 administrationem
1273 3818 1356 3884 magis

257 3881 295 3931 eis
313 3882 418 3933 tradere
436 3898 490 3934 nou
509 3893 655 3938 recusaret.

355 3952 453 4005 creant
470 3956 552 4020 igitur
571 3971 661 4009 senem
681 3957 820 4024 quendam,
840 3957 948 4007 nomine
968 3956 1066 4025 dictum
1083 3956 1207 4020 Michael,
1229 3956 1355 4010 civilibus

207 4062 210 4073 ,
252 4024 409 4074 instructum
428 4024 545 4076 moribus
563 4036 589 4077 et
603 4027 682 4079 rebus
703 4034 730 4077 et
747 4028 774 4079 in
793 4044 823 4079 re
842 4026 951 4078 militari
971 4037 1025 4079 tum
1044 4027 1223 4081 excellentem
1244 4064 1251 4078 .
1274 4067 1281 4079 .
1302 4066 1309 4078 .
1331 4065 1366 4092 .‚.

253 4096 386 4161 integrum
407 4103 433 4145 et
452 4093 599 4161 simplicem
619 4106 648 4149 ut
666 4096 722 4149 illis
741 4099 847 4166 quidem
868 4098 1026 4161 videbatur,
1045 4100 1129 4168 magis
1148 4106 1236 4150 autem
1258 4115 1353 4155 senec.

251 4174 309 4223 tute
337 4166 506 4232 contectum,
541 4174 568 4217 et
595 4175 738 4235 propterea
761 4171 843 4223 sociis
875 4170 907 4222 iis
933 4169 1040 4236 imperii
1067 4178 1094 4221 et
1124 4171 1353 4223 concertatoribus
