2834 4750
245 285 315 368 148
405 371 411 380 ,
546 291 766 362 mestuus
795 287 1057 362 nmmrorta

242 465 463 552 στρατόπεδον.
505 461 607 552 ἐφάνη
640 467 684 540 δέ,
709 464 765 530 καί
794 455 889 543 τοῦτο
908 473 973 541 τοῖς
1000 461 1363 549 στρατοπεδευομένοις

242 567 300 632 ουίι
323 559 455 632 εὔθετον
472 551 592 650 θέαμα.
621 607 625 616 ,

340 667 487 736 Διελδών
507 662 564 734 οὖν
589 671 713 756 ἡμέραν
741 674 775 748 ἐξ
803 657 924 754 ἡμέρας
947 668 1004 750 την
1031 668 1246 750 προκειμένην
1268 659 1360 740 ὁδόν,

241 774 391 853 κατέλαβε
425 768 480 854 τη“ν
509 770 684 836 Θεοδοσίου
716 767 823 850 πόλιν,
855 769 910 834 ε’πί
928 772 988 851 μὲν
1007 767 1049 854 τῷ
1070 763 1133 849 πρὸ
1159 765 1223 828 τοῦ
1244 763 1359 852 χρδνηι

240 876 522 959 παραμεληδεῖσαν
553 875 610 936 καί
622 857 784 956 Ιαόίιιητον
810 873 978 955 γενομένην
1004 865 1059 933 διᾶ
1079 865 1113 931 τό
1138 867 1237 952 έντῇ
1259 871 1378 928 πολι-5

239 976 308 1060 τείφ
328 976 386 1039 τοῦ
401 965 503 1057 ’Ἁρζη
525 974 656 1057 πλησίον
678 966 758 1062 adop
781 976 836 1036 καί
862 975 896 1036 έν
919 974 1004 1058 καλῷ
1024 972 1079 1052 τῆς
1110 971 1238 1043 θέσεως
1267 961 1356 1046 δρω-

238 1076 318 1162 μίνη
340 1077 538 1154 μεταθέσθαι
571 1072 646 1150 τοδς
676 1074 868 1158 ἀνθρώπους
889 1070 947 1155 τὴν
968 1068 1107 1154 οἴκησιν,
1128 1070 1187 1132 καί
1209 1065 1355 1150 μεγάλην

239 1175 465 1258 ἐγκαταστῆσαι
492 1173 672 1256 χαρόπολιν
704 1173 761 1243 καί
780 1175 936 1237 παντοίαν
965 1170 1087 1251 ον’νίοον,
1110 1165 1172 1234 ὅσα
1198 1160 1354 1251 Περσική

241 1297 275 1338 τε
296 1274 350 1338 καί
368 1271 478 1356 Ἰνδική
498 1272 553 1337 καί
579 1272 708 1357 ῆλσιπὴ
732 1273 824 1339 Ἀσία
847 1277 957 1357 φέρει,
981 1274 1100 1354 πλῆθος
1122 1268 1184 1331 οὖν
1207 1267 1354 1346 sciopod-

240 1399 337 1460 μητον
358 1379 531 1460 φέρουσαν,
553 1372 613 1458 πρὸ
639 1376 752 1457 ὀλίγων
769 1376 804 1438 δὲ
824 1372 947 1455 χρόνων
961 1372 1278 1453 οἶνοιιιοδομηδεῖσαν
1300 1371 1383 1431 nato

158 1558 162 1568 ,
241 1478 535 1558 κατοχυραδεϊσαν,
556 1473 613 1558 την
638 1476 812 1540 Θεοδοσίου
841 1472 930 1537 πόλιν
952 1472 1043 1554 λέγω,
1063 1471 1180 1558 τάφρην
1204 1469 1265 1533 καί
1286 1473 1352 1534 τεί-

238 1595 312 1654 χεσι
337 1571 391 1636 διδ
414 1569 470 1655 τήν
492 1577 554 1638 τῶν
583 1572 732 1658 Τούρκεσν
753 1577 787 1638 dx
809 1578 866 1638 τοῦ
885 1572 1074 1639 ἀνέλπιστον
1096 1573 1291 1654 γειτνίασιν,
1313 1571 1351 1633 δι’

239 1662 285 1737 ’ὧν
306 1673 339 1749 ἐξ
359 1673 533 1757 ἐπιδρομῆς
555 1669 574 1758 ἤ
596 1674 739 1743 πολιτεία
760 1679 815 1738 τοῦ
829 1667 948 1759 ’Ἀρτζη
972 1657 1160 1755 παμπληθεῖ
1176 1670 1239 1753 τήν
1262 1694 1348 1757 σφα-

239 1769 298 1857 γὴν
322 1772 532 1857 προῦπέμεινε
554 1776 609 1838 καί
628 1773 684 1858 τὴν
707 1770 835 1840 ἅλωσιν.
895 1778 996 1840 ἐκεῖσε
1011 1775 1119 1838 ’τοίνυν
1140 1774 1315 1854 ἐπιμείνας
1335 1771 1349 1834 δ

238 1871 391 1964 βασιλευς
422 1872 477 1938 οὐκ
506 1872 614 1959 σ’λίγας
646 1874 767 1959 ἡμέρας
801 1873 1066 1961 διεκηρυιιεδσατσ
1094 1875 1174 1937 πᾶσι
1209 1874 1381 1957 ornanum

239 1982 375 2062 τροφαῖς
396 1976 641 2062 έφοδιασδῆναι,
663 1974 705 2050 ὥς
728 1973 782 2039 διδ
813 1975 923 2060 χώρας
946 1973 1106 2059 1,οἶοιιιητου
1128 1973 1185 2039 καί
1205 1998 1347 2039 καταπε-

239 2080 418 2160 πατημένης
444 2084 507 2151 τοῖς
530 2073 636 2142 ἔθνεσι
668 2079 917 2161 διαπορεύεσθαι
945 2081 1110 2156 μέλλουσι.
1161 2079 1294 2140 πάντων
1314 2079 1346 2139 δὲ

239 2174 275 2238 τὸ
298 2179 482 2260 προσαχδὲν
502 2179 542 2240 δι’
567 2177 747 2259 ἐπιμελείας
767 2180 1008 2261 ποιησαμένων,
1031 2179 1267 2260 προαπέστειλε
1291 2178 1345 2258 μὲν

239 2272 255 2342 ὃ
277 2276 429 2360 βασιλευς
447 2275 481 2341 du
503 2282 561 2342 τοῦ
581 2280 818 2365 μισθοφορικοῦ
837 2276 971 2352 ΣκύθαςΑ
985 2281 1031 2354 εἰς
1051 2279 1110 2341 τοῦ
1130 2281 1241 2341 Χλίατ
1265 2299 1346 2360 προ-

238 2379 336 2467 νομήν
358 2402 391 2444 τε
411 2381 465 2443 καί
487 2378 722 2459 διασκδλευσιν,
744 2383 835 2468 τοῦτο
865 2380 921 2442 καί
943 2378 1096 2461 πρότερον
1118 2370 1379 2461 ποιησάμενος,λθ
1407 2423 1408 2426 ¹

233 2482 442 2546 ,έπαπέστειλε
457 2482 493 2545 δὲ
509 2477 564 2544 καί
571 2478 756 2563 Γερμανοὺς
775 2478 851 2555 τούς
873 2482 1059 2563 λεγομένους
1072 2478 1242 2563 Φράγγσυς
1265 2478 1345 2559 μετά

238 2604 321 2656 τινος
341 2582 517 2665 ἡγουμένου
536 2580 665 2661 τούτων,
687 2575 805 2661 ἀνδρὸς
827 2581 1000 2655 εδσθενοῦς
1016 2577 1097 2645 κατὰ
1112 2588 1229 2663 χεῖρα·
1246 2578 1345 2645 ‘Poo-

144 2682 156 2735 '·
238 2684 340 2756 σέλιος
363 2678 461 2769 τούτῳ
483 2678 518 2745 cd
544 2672 653 2764 ὄνομα.
685 2684 801 2757 ἐκεῖνος
823 2684 859 2747 δὲ
880 2678 960 2765 μετὰ
981 2680 1036 2764 τῆς
1057 2680 1169 2763 λοιπῆς
1189 2682 1343 2765 στρατιᾶς

241 2959 398 3029 curopalate
421 2959 566 3015 comneno.
607 2970 633 3014 et
653 2960 770 3017 Graccus
792 2962 898 3031 quidem
917 2962 1052 3014 exercitus
1076 2960 1163 3014 victus
1188 2968 1255 3013 erat.
1293 2976 1342 3029 ap.

214 3034 329 3102 *paruit
348 3042 434 3085 autem
455 3034 534 3085 etiam
553 3034 597 3085 hic
617 3034 746 3111 militibus
764 3049 818 3085 uon
837 3033 907 3085 bene
927 3034 1100 3100 compositum
1129 3031 1342 3104 spectaculum:

340 3122 518 3193 Progrediens
543 3124 626 3193 igitur
651 3126 721 3177 diem
748 3121 843 3175 exdic
870 3122 1008 3189 proposita
1026 3122 1071 3173 aia
1090 3120 1235 3187 occupavit
1253 3120 1340 3172 Theo.

240 3194 309 3250 dosii
327 3196 430 3262 urbem,
451 3212 519 3265 quae
539 3196 723 3263 superioribus
749 3196 825 3247 annis
843 3193 970 3263 neglecta
996 3202 1022 3244 et
1040 3194 1146 3244 deserta
1167 3192 1264 3257 iuerat,
1284 3209 1338 3249 cnm

239 3268 267 3317 iu
288 3268 425 3321 civitatem
444 3268 531 3320 Acrae
551 3282 636 3334 prope
656 3268 733 3318 sitam
753 3275 780 3317 et
805 3265 877 3317 bono
897 3266 950 3317 situ
969 3272 1139 3332 apparentem
1158 3265 1338 3331 transposuis-

239 3347 300 3391 sent
318 3339 482 3392 domicilium
503 3344 529 3387 et
549 3353 674 3406 magnum
694 3338 896 3390 constituissent
921 3337 1044 3404 oppidum
1071 3344 1098 3386 et
1116 3335 1250 3386 variarum
1268 3352 1337 3387 mer.

239 3412 324 3475 cium,
351 3415 485 3479 quotquot
515 3406 602 3459 Persis
637 3417 663 3458 et
686 3408 763 3460 ludia
789 3416 817 3459 et
839 3407 943 3475 reliqua
974 3408 1039 3459 Asia
1068 3406 1191 3473 profert,
1219 3407 1337 3458 multitu-

240 3481 328 3533 dinem
353 3477 574 3531 innumerabilem
601 3479 706 3541 ferens3
734 3494 802 3546 quae
826 3488 914 3530 tamen
939 3486 1001 3532 aute
1026 3492 1126 3545 paucos
1154 3492 1239 3529 annos
1259 3479 1336 3530 resti-

239 3558 295 3603 tuta
321 3559 348 3602 ct
372 3550 473 3601 firmata
497 3548 571 3611 crat,
597 3547 739 3607 Theodosii
767 3550 859 3602 urbem
882 3550 958 3614 dico,
985 3550 1057 3600 fossa
1081 3557 1107 3600 et
1130 3550 1213 3600 muris
1233 3557 1335 3616 propter

240 3622 381 3673 Turcarum
407 3622 617 3685 inexspectatum
642 3621 818 3685 vicinitatem,
844 3636 956 3689 quorum
979 3621 1132 3672 incursione
1160 3621 1257 3672 ciuitas
1275 3622 1335 3673 Art-

241 3708 289 3743 zae
315 3706 423 3759 prorsus
454 3690 560 3741 caedem
595 3691 766 3758 exspectabat
796 3700 822 3743 et
853 3692 1064 3760 occupationem.
1112 3690 1150 3742 ibi
1174 3692 1257 3759 igitur
1275 3706 1334 3742 rer-

240 3771 311 3815 satus
337 3777 385 3812 rex
410 3776 464 3813 non
491 3763 592 3828 pauc'os
617 3763 674 3814 dies
701 3764 784 3815 edixit
806 3770 835 3814 ut
858 3778 949 3816 omnes
976 3762 1108 3814 alimentis
1133 3762 1245 3814 duorum
1263 3778 1334 3813 men-

239 3833 307 3885 sium
326 3832 412 3899 spatio
437 3834 633 3885 instruerentur
654 3842 683 3885 ut
702 3849 751 3901 per
777 3842 874 3885 terrem
894 3836 1025 3886 desertam
1051 3843 1078 3885 et
1102 3848 1118 3883 a
1142 3835 1254 3901 paganis
1280 3832 1334 3884 cal.

242 3911 325 3954 catam
345 3903 504 3970 profecturi.
542 3914 680 3974 postquam
701 3920 792 3957 omues
811 3906 966 3972 imperatum
990 3904 1136 3971 diligenter
1154 3905 1333 3972 perfecissent,

241 3975 329 4027 emisit
348 3989 398 4026 rex
416 3990 449 4027 ex
473 3979 646 4029 mercenariis
667 3976 779 4042 Scythas
807 3976 840 4028 ad
859 3976 949 4030 Chliat
967 3976 1145 4043 praedandum
1165 3984 1192 4026 et
1209 3976 1333 4042 diripien-

239 4047 314 4112 dum,
332 4061 392 4098 cum
411 4047 463 4098 hoc
485 4049 564 4099 etiam
584 4057 662 4101 antea
681 4048 806 4100 iecisset:
831 4048 904 4100 misit
922 4056 1062 4115 praeterea
1088 4047 1167 4099 etiam
1186 4047 1332 4110 Germanos,

238 4116 356 4171 Francos
375 4118 471 4186 dictos,
491 4136 549 4171 cum
570 4121 683 4189 quodam
702 4118 753 4171 hos
774 4120 889 4170 ducente
907 4120 967 4171 viro
986 4134 1065 4171 manu
1084 4126 1206 4186 prompto
1227 4117 1332 4188 (Rusel-

237 4189 289 4247 lius
308 4190 371 4244 huie
391 4200 448 4245 erat
465 4195 589 4262 nomeu).
626 4191 676 4242 ille
701 4198 789 4242 autem
809 4205 867 4242 cum
885 4188 992 4259 reliquo
1019 4192 1140 4247 exercito
1160 4198 1268 4245 secutus
1284 4204 1332 4241 non
