2834 4750
544 313 753 382 nunonis.
1121 310 1192 382 131

93 483 251 563 ποθῆσαι,
271 477 310 543 ἵν’
331 482 376 554 εἰς
397 479 434 542 τό
456 476 571 557 μέλλον
595 480 779 559 ιδπαθῆσαι
811 478 1007 557 δυναίμεθας
1033 473 1085 539 διά
1110 477 1197 541 τίδὲ

94 579 154 644 καί
172 578 214 662 μὴ
239 583 273 642 ἐκ
296 577 480 664 πολιορκίας
495 576 670 662 αἱρήσομεν
693 575 782 641 τότε
804 567 883 643 άστυ
904 574 939 639 τό
958 579 1063 640 Χλιάτ
1084 578 1140 639 καί
1156 573 1195 639 τά

93 680 157 742 eut
180 678 298 744 τούτου
324 679 480 761 πολίχνια,
503 675 553 741 ἵνα
584 676 639 742 καί
658 675 687 742 οἱ
713 679 907 759 στρατιῶται
926 679 979 760 τῆς
1001 679 1035 738 ἐκ
1058 679 1121 741 τόν
1141 681 1199 739 λα-

93 777 210 864 φύρων
237 779 394 864 ω’φελειάς
424 781 592 861 πλησθύσι
620 780 676 840 καί
695 773 932 859 προθυμότεροι
954 780 1123 857 γένωνται,
1144 773 1200 840 καί

60 886 159 952 ὃτοΐς
189 877 343 953 ἐναντίοις
375 880 492 963 ἐπέλθῃ
521 877 606 961 δέος,
640 880 694 942 καί
717 870 787 940 άντί
807 876 965 954 πολεμίων
997 872 1031 937 αἱ
1053 877 1198 939 τοιαύταν

90 977 203 1051 πόλεις
226 975 405 1058 Ῥωμαϊκόν
434 972 604 1059 ἡγεμονίαν
634 972 852 1056 πλουτήσωσι,
882 977 937 1038 καί
957 973 1108 1053 δυνάμεις
1129 976 1198 1059 ἐφι-

90 1073 252 1156 στάμεναι
280 1077 315 1142 τό
348 1077 517 1141 α’ντίπαλον
553 1079 695 1159 ἰσχυρῶς
719 1073 1004 1159 ἀποκρούσονται,
1023 1076 1077 1137 κατ’
1097 1071 1115 1156 ἦ
1136 1074 1199 1138 ταῖν

97 1177 250 1259 Τούρκων
278 1175 416 1261 πάροδος
448 1175 480 1239 έκ
514 1175 735 1259 διαστημάτων
765 1173 847 1239 κατά
872 1176 987 1258 μοίρας
1015 1177 1199 1256 ἐρχομένων

91 1280 252 1358 βραχείας
271 1277 448 1362 α’νασταλῇ,
478 1279 531 1340 καί
558 1272 601 1357 μη
624 1270 816 1358 όρμητήριον
843 1278 962 1355 μάλλον
983 1274 1038 1337 καί
1054 1275 1200 1353 ὀψωνια-

36 1387 80 1440 10
91 1374 179 1458 σμάν
196 1374 229 1452 ἐν
251 1372 378 1450 τούτοις
406 1379 537 1462 εὑρίσκῃ
572 1371 653 1439 α’λλάι
675 1375 905 1458 πολεμητηριον
932 1374 1082 1457 άτεχνάές,
1104 1371 1198 1454 natet

93 1475 150 1542 διά
175 1481 232 1559 τῆς
254 1478 507 1556 Μεσοποταμίας
530 1471 603 1550 όδός
625 1477 749 1547 τούτοις
771 1475 959 1553 ἀνεπίβατος
976 1473 1138 1558 γένηται.”

201 1577 297 1641 Ταῦτ’
320 1574 459 1652 εἰπόντος
472 1600 535 1657 μου
558 1574 638 1657 πρός
659 1575 713 1640 τόν
733 1578 879 1656 βασιλέα,
901 1575 998 1662 εἰσῄει
1019 1573 1120 1664 ταύτην
1139 1581 1200 1656 μέ-

94 1701 153 1762 χρι
177 1674 302 1759 βάθους
324 1675 339 1740 ὃ
360 1673 450 1758 λόγος
471 1673 577 1758 ιδ’σπερ
601 1699 648 1750 τις
679 1674 795 1759 σπόρος
817 1678 861 1750 εἰς
889 1669 986 1756 εύγεω
1010 1678 1064 1740 καί
1084 1678 1200 1759 έρίβω-

96 1780 153 1841 λον
173 1781 250 1860 γῆν,
279 1777 333 1856 καί
364 1781 578 1856 μεταθέμενος
608 1772 709 1850 εύθύς
740 1778 792 1859 τῆς
819 1780 1012 1858 προσωτέρω
1042 1777 1201 1859 φερούσης

42 1883 85 1934 15
97 1868 215 1960 ἥψατο,
240 1873 299 1949 ἓως
319 1874 374 1939 τόν
395 1874 567 1961 Εὐφράτην
591 1876 857 1958 διαπεραιωθεὶς·
871 1875 944 1950 τούς
965 1879 1135 1954 πολεμιόυς
1156 1877 1202 1947 εἰς

95 1974 133 2041 τά
157 1978 297 2060 σφέτερα
325 1977 470 2057 βαδίζειν
493 1979 684 2058 παρέπαισε·
734 1977 808 2056 περί
835 1972 891 2046 τάς
923 1966 1025 2054 ὄχθας
1052 1970 1113 2056 γάρ
1144 1975 1203 2036 τού

95 2078 245 2156 ποταμοῦ
280 2077 603 2160 στρατοπεδευόμενοι
642 2069 741 2157 ἦσαν,
778 2075 1022 2156 καραδοκοῦντες
1055 2071 1112 2155 τόν
1129 2077 1204 2149 ,τού

94 2179 253 2257 βασιλέως
285 2173 544 2259 άπαναχαέρησιν.
595 2169 681 2258 εἶχον
717 2179 777 2253 μὲν
814 2167 872 2237 οὖν
906 2174 1031 2249 ἐλπίδες
1062 2172 1203 2251 ἅπαντας

96 2278 289 2359 στρατηγίας
309 2281 456 2359 μεγίστης
474 2278 529 2339 καί
550 2276 799 2361 λαφυραγωγίας
821 2277 855 2337 ἐκ
875 2277 932 2357 τῆς
946 2277 1008 2337 τῶν
1028 2276 1230 2357 εἶρημένωνῐ.
1243 2294 1341 2350 193‚v.

47 2371 244 2459 2οκάστρων
267 2374 414 2451 ἁλύσεως
437 2381 548 2445 τεκαὶ
569 2374 816 2458 παραστάσεως·
868 2370 887 2457 ἦ
913 2377 942 2436 δ’
968 2374 1201 2440 έλαύνουσα-τά

92 2464 264 2556 Ῥωμαίων
285 2478 330 2551 εἰς
349 2474 405 2559 την
427 2480 557 2554 κατόπιν
575 2478 709 2561 άκληριά
735 2477 790 2538 οὐκ
821 2471 872 2538 εἴα
894 2478 994 2559 πέρας
1016 2478 1203 2560 ἐπιτεθῆναι
1238 2487 1242 2494 '

98 2581 236 2643 συνετοῦ
257 2574 478 2661 διατάγματος.
523 2577 566 2653 οἷς
586 2574 646 2661 γάρ
671 2575 687 2640 ὁ
712 2576 865 2659 βασιλεύς
886 2573 987 2653 εύθύς
1007 2580 1062 2660 τῆς
1077 2578 1203 2660 Ῥωμα·

174 2754 199 2805 1.
221 2750 358 2826 α’κληρίαν
376 2753 406 2808 G.

101 2914 199 2979 aitardo,
219 2914 382 2983 inquiebam,
401 2929 459 2978 rex,
480 2914 566 2967 adhuc
579 2929 648 2967 anno
668 2917 741 2968 circa
759 2918 844 2968 aciem
862 2919 971 2969 aestatis
991 2925 1134 2983 acroama,
1153 2933 1202 2971 re-

101 2986 241 3054 linquendi
262 2984 352 3037 hostes
370 2986 397 3036 in
419 2986 581 3039 Graecorum
597 2996 669 3040 terra
689 2996 716 3038 et
734 2989 887 3040 remissioni
912 3003 942 3039 se
968 2996 995 3039 ct
1019 2988 1202 3054 voluptatibus
1226 3008 1239 3033 ο

102 3057 223 3122 tradendi
243 3072 331 3125 neque
349 3072 420 3107 nunc
440 3057 587 3122 laborandi,
607 3068 636 3110 ut
656 3060 743 3110 futuro
762 3067 883 3126 tempore
903 3059 999 3110 felices
1025 3074 1085 3110 csse
1110 3061 1203 3125 possi.

101 3144 167 3180 mus.
207 3126 267 3179 cum
285 3135 371 3179 auteur
390 3144 478 3196 nequo
498 3132 699 3198 oppugnatione
719 3130 853 3194 capiemus
872 3130 964 3180 urbem
983 3128 1072 3182 Chliat
1100 3137 1127 3179 et
1151 3146 1203 3197 op.

102 3200 164 3265 pida
187 3200 254 3262 eius,
274 3206 304 3250 ut
323 3200 401 3250 etiam
419 3199 519 3252 milites
538 3202 653 3267 praedae
673 3202 790 3251 utititate
809 3200 967 3266 expleantur
992 3209 1019 3251 et
1043 3202 1203 3266 promtiores

103 3271 175 3333 flant,
196 3278 223 3320 ct
241 3270 363 3322 hostibus
382 3271 510 3324 obveniat
528 3273 615 3335 timor,
637 3280 663 3322 ct
689 3287 738 3338 pro
767 3270 888 3323 hostibus
916 3272 967 3321 hac
995 3270 1075 3322 urbes
1102 3271 1204 3324 Gracco

104 3340 215 3406 irnperio
227 3340 357 3399 -fruantur
377 3350 403 3392 et
421 3344 493 3393 vires
513 3343 642 3395 instantes
662 3344 810 3394 contrarios
831 3342 935 3394 fortiter
954 3341 1103 3410 repellant:
1123 3352 1205 3411 atque

104 3412 244 3462 Turonium
261 3414 313 3464 iter
334 3428 367 3462 ex
385 3413 535 3465 intervallis
555 3415 672 3480 partibus
690 3415 916 3482 proficiscentium
935 3415 1025 3480 parvis
1045 3415 1204 3478 detineatur,

103 3498 192 3551 neque
211 3481 299 3534 locum
317 3478 419 3535 firm'um
439 3492 466 3535 et
485 3494 657 3537 commeatum
682 3488 709 3537 in
730 3486 770 3536 his
790 3488 917 3553 reperiat,
937 3488 984 3537 sed
1002 3485 1140 3536 defensum
1158 3486 1204 3537 1ο.

105 3567 310 3676 pumflprorsus,
338 3563 418 3622 atque
442 3556 488 3605 via
512 3572 560 3623 per
591 3558 808 3624 Mesopotamiam
838 3557 927 3609 ferens
960 3557 1002 3608 his
1023 3556 1205 3626 inaccessibi-

117 3627 138 3677 ιο
175 3632 228 3675 at.“

202 3710 345 3780 Postquam
365 3712 432 3764 hacc
451 3713 505 3763 dixi
525 3715 557 3765 ad
575 3731 676 3783 regem,
697 3718 809 3768 incessit
824 3716 887 3766 huic
902 3731 987 3783 usque
1001 3715 1033 3766 ad
1046 3716 1205 3782 profundum

106 3785 200 3847 oratio,
220 3785 297 3853 quasi
316 3799 395 3850 seges
412 3785 440 3835 in
459 3784 555 3835 bonum
575 3794 602 3836 ct
621 3787 738 3838 feracem
750 3797 856 3839 terram.
878 3795 905 3838 ct
924 3788 1082 3838 sententiam
1101 3795 1204 3841 mutans

106 3856 191 3906 statim
211 3857 280 3907 viam
300 3870 369 3922 quae
388 3856 417 3909 in
436 3856 565 3907 directum
584 3857 687 3909 serebat
714 3860 791 3909 iniitr
818 3858 904 3908 donec
929 3857 1090 3923 Euphratem
1114 3868 1204 3913 trans.

107 3940 214 3993 gressus
235 3926 327 3977 hostes
346 3927 378 3977 ad
396 3942 445 3977 sua
463 3926 537 3977 abire
556 3930 655 3995 coegit.
694 3932 766 3980 circa
785 3931 856 3994 ripas
874 3930 943 3979 enim
962 3929 1076 3982 huminis
1104 3932 1132 3982 in
1157 3948 1205 3984 ca.

107 3998 165 4049 stris
187 4005 276 4062 erant,
304 4006 489 4064 exspectantes
514 4000 586 4065 regis
613 3998 735 4049 reditum.
786 3998 893 4050 alebant
915 4000 997 4067 igitur
1020 4014 1094 4069 spem
1114 4018 1205 4055 ornnes

81 4074 86 4081 “
108 4068 283 4135 expeditionis
300 4071 429 4120 maximae
448 4078 476 4121 et
493 4069 608 4135 praedae
627 4071 747 4137 agendae
767 4072 965 4137 expugnatione
992 4080 1019 4123 et
1043 4075 1144 4142 impetu
1163 4075 1206 4127 di.

107 4147 205 4191 ctoruru
223 4140 404 4193 castellorum.
442 4156 501 4193 sors
519 4148 606 4192 autem
625 4156 693 4209 quae
712 4157 756 4194 res
771 4142 930 4194 Graecorum
947 4146 975 4196 iu
993 4154 1129 4212 posterum
1146 4160 1205 4197 ma-

108 4210 160 4261 tum
178 4211 267 4278 pellit,
286 4226 340 4264 uon
359 4226 437 4279 passa
459 4220 500 4266 cst
517 4213 597 4264 finem
615 4214 741 4266 constitui
767 4214 904 4282 prudentis
922 4216 1037 4285 imperii,
1056 4233 1116 4270 eum
1135 4217 1204 4269 enim
