2834 4750
504 173 727 272 ‘nrsroma
864 161 873 167 ’
1123 199 1173 279 νε

63 355 228 440 διαδοχήν
248 358 425 440 ἱσταμένων
446 357 623 446 ὑπόπτερος
644 361 764 429 οόσανεί
783 367 821 451 τῇ
838 365 1010 451 Ἀδριανοῦ
1032 368 1176 452 παραδί-

63 461 162 523 δοται
175 457 274 524 πόλει.
299 461 356 524 καί
374 460 586 546 συνήθροιστο
610 467 673 528 πᾶν
694 465 808 530 αὐτίκα
826 468 916 547 μάλα
937 466 974 530 τό
999 465 1058 550 τήν
1077 490 1176 551 στρα-

63 558 224 640 τεόσιμον
243 559 370 644 ήλικιάν
390 559 464 644 ἕχον
477 554 641 646 ἓσπὲριόν·
672 567 729 629 καί
747 564 801 630 διό
823 567 882 630 δόο
904 571 959 630 καί
979 571 1076 650 τριῶν
1094 569 1177 653 ήμε-
1263 599 1268 604 ·

63 662 138 744 ροόν
157 662 203 736 τίς
225 665 344 744 πλῆθος
357 665 440 746 μέγα
459 661 513 728 καί
526 665 682 747 στρατιὰν
699 664 861 751 α’ξιόλοχον
875 671 1062 752 παραδόξως
1084 671 1178 736 lual-

35 783 161 844 5ρεται
185 759 204 846 ἦ
226 763 445 848 συνόθρσισις.
502 763 557 828 καί
586 773 651 840 τοῖς
679 765 883 851 παρασήμοις
902 773 1074 852 κοσμηθεὶς
1093 769 1176 848 μετὰ

63 864 130 943 τῆς
160 863 328 944 βασιλικῆς
358 859 494 945 ἐσθῆτος
514 861 539 948 {b
574 869 734 951 φυγαδίας
763 865 938 950 στρατηγός
967 867 1175 952 αὐτοκράτωρ

65 959 162 1044 παρὰ
186 961 248 1024 τοῖν
278 959 436 1026 συνόντων
467 961 689 1049 α’νηγορτόθη,
723 963 778 1028 καί
797 961 1035 1049 διττήνὲτέραν
1054 967 1183 1050 ἡμέραν·

66 1057 230 1125 διαλιπών
252 1055 381 1145 ὥρμησε
404 1062 463 1128 σόν
484 1066 583 1151 πολλῇ
617 1060 807 1147 πεποιθήσει
826 1065 907 1145 πρός
927 1061 983 1148 τήν
1003 1063 1179 1146 εὐδαίμονα

64 1157 292 1243 μεμαλόπολνν.
345 1161 376 1227 ot
406 1165 440 1228 δὲ
465 1168 684 1248 προαχθέντες
712 1167 799 1248 παροὶ
816 1169 882 1238 ,τοῦ
903 1162 1180 1247 βασιλεόσντοςέξ

19 1277 56 1329 10
67 1261 175 1343 αὐτῆς
205 1265 419 1345 στρατιῶται,
448 1266 505 1326 καί
532 1287 613 1340 τινες
642 1270 703 1330 τοῖν
736 1263 899 1349 ἐπισήμων
929 1267 988 1329 τοῦ
1020 1261 1177 1329 παλατίου
1267 1326 1270 1334 ,

65 1363 302 1445 προσμένοντες
334 1363 367 1438 ἐς
389 1356 472 1428 όστυ
494 1369 550 1447 τής
575 1367 800 1449 Σηλυμβρίας,
820 1365 864 1440 ὥς
886 1365 1006 1447 ἔμαθον
1021 1361 1079 1446 τήν
1101 1362 1178 1427 τοό-
1253 1424 1257 1436 ,

66 1485 129 1526 του
153 1459 269 1547 ἔφοδον
289 1461 408 1548 πολλήν
430 1464 484 1530 καί
505 1465 695 1530 α’νόποιστον
716 1465 759 1540 τός
779 1471 879 1550 βαρεῖ
896 1468 1018 1554 στρατιή
1039 1465 1096 1530 καί
1113 1487 1178 1546 μα·

65 1558 243 1650 χιμωτοὶτιμ
262 1566 547 1650 σογκροτουμὲνην,
571 1557 592 1652 ᾗ
614 1565 719 1630 ποδοῖν
731 1559 819 1649 εἶχον
840 1568 1004 1649 γεγόνασιν
1024 1562 1179 1647 δπισθόρ-

64 1684 176 1747 μητοι.
221 1664 276 1726 καί
308 1661 338 1728 οἳ
360 1662 414 1728 ἐπὶ
428 1667 493 1729 τεόν
515 1665 704 1750 ὑπαίθρων,
726 1659 956 1752 ἐφοδιάσαντες
975 1662 1111 1741 ἓαυτοός
1132 1664 1177 1743 σός
1209 1682 1213 1697 ⁴

21 1759 194 1852 15ἓκοὶστηι
217 1773 351 1846 παρεῖχε
380 1763 414 1830 τό
450 1768 643 1847 ἐπικείμενον
672 1770 729 1831 τοῦ
756 1768 889 1852 καιροῦ,
918 1763 971 1831 ἐπί
991 1764 1047 1842 τὰς
1074 1763 1178 1840 πόλας

64 1863 217 1928 οἷθοῦντσ
236 1857 297 1948 τῆς
313 1865 440 1948 πόλεως,
463 1857 558 1941 ἄλλος
579 1858 675 1929 ἄλλον.
697 1867 899 1951 προφθόνειν
914 1864 1178 1948 κατεπειγόμονοι.

64 1959 189 2048 μικρόν
210 1967 239 2028 δ’
260 1958 396 2048 ὕστερον
419 1959 437 2048 ἦ
459 1967 519 2028 rori
540 1967 721 2042 α’πσστότου
742 1966 896 2049 ἐπιδημία
918 1965 1040 2052 φοβερό
1057 1988 1105 2040 τις
1126 1968 1182 2027 κατ’

66 2063 308 2148 καταπληκτική
330 2063 564 2150 κατηγγέλλετο,
586 2068 670 2155 λ’ππρι
685 2070 899 2155 στρατιωτικῷ
921 2064 977 2130 καί
989 2067 1105 2152 πεζικῷ
1118 2065 1180 2128 δυ-
1242 2120 1245 2125 ⁴

69 2165 170 2246 νόμει
199 2165 246 2248 μή
275 2167 457 2232 α’ποδέουσα
491 2165 570 2252 πρός
601 2165 710 2252 μοίχην
741 2164 918 2250 βασιλικήν.
971 2168 1121 2254 δδηοόντο
1143 2167 1180 2229 δλ

24 2268 129 2330 wear*
148 2266 188 2328 τοὶ
213 2264 430 2350 προστυχόντα
465 2269 520 2331 καί
541 2264 772 2350 διηρπόζσντο·
823 2270 877 2332 καί
897 2266 1027 2340 ου’δενός
1047 2261 1178 2348 ήττᾶται

71 2368 137 2433 τεόν
161 2367 297 2431 ἐθνικοόν
319 2365 335 2431 ὃ
356 2361 512 2455 δμφόλισς
532 2368 678 2448 πόλεμος.
722 2368 880 2453 τειχήρεις
894 2362 951 2433 σόν
970 2361 1127 2451 γεγονότες
1150 2362 1181 2429 οἱ

72 2468 151 2552 περί
170 2466 229 2551 τήν
248 2460 480 2551 βασιλεύουσαν
510 2468 628 2551 σχεδόν
650 2465 784 2547 ἅπαντες
810 2473 874 2535 τῶν
901 2467 990 2543 δντός
1016 2460 1102 2548 εἶχον
1121 2467 1181 2550 τήν

74 2570 398 2655 φυλακήνίσχυροός.
447 2570 502 2635 καὶ
533 2566 720 2651 όβασιλεός
754 2571 808 2637 ἐπί
831 2573 886 2654 τῆς
915 2572 950 2635 ἒν
981 2570 1181 2652 Βλαχόρναις

311 2698 318 2723 l

131 2766 138 2771 -
153 2731 195 2787 18.
215 2748 248 2785 an
268 2736 390 2803 στρατοῦ
409 2734 529 2791 ἱππικοῦ
542 2737 591 2791 καὶ
607 2732 748 2797 necersi?

79 2916 140 2951 cum
165 2898 241 2962 lore,
269 2897 336 2949 clam
362 2898 438 2965 regia
465 2898 571 2949 excedit
599 2905 626 2947 et
650 2897 727 2964 equis
750 2896 779 2946 in
803 2897 1002 2949 successionem
1031 2894 1182 2947 constitutis

78 2968 157 3041 quasi
175 2969 296 3021 volucris
314 2968 508 3035 adrianopolim
528 2968 661 3019 delertur:
682 2974 708 3018 et
727 2966 904 3019 convolarunt
923 2982 1014 3017 omnes
1034 2966 1120 3017 statim
1136 2966 1182 3034 qui

77 3050 195 3094 aetatem
215 3041 358 3091 militarem
380 3040 509 3091 haberent
530 3054 654 3106 vespere,
676 3048 702 3091 et
715 3054 763 3104 per
782 3040 847 3090 duos
866 3047 892 3089 et
910 3047 965 3088 tres
985 3038 1088 3088 diesin
1109 3035 1181 3085 mul.

77 3114 219 3165 titudinem
238 3120 358 3179 magnam
371 3119 397 3162 et
416 3112 560 3162 exercitum
570 3111 765 3161 memorandum
778 3110 845 3159 mire
858 3110 1005 3175 adaugetur
1023 3113 1181 3168 conventus,

64 3195 106 3238 et
119 3184 270 3251 insignibus
291 3191 397 3241 ornatus
413 3198 471 3233 cum
493 3183 568 3249 regia
595 3190 671 3233 veste
691 3179 766 3232 exsul
787 3179 836 3231 ille
857 3196 872 3230 a
891 3177 1075 3245 praesentibus
1093 3178 1181 3243 impe.

77 3266 153 3309 rator
178 3255 298 3306 (lominus
324 3255 491 3305 renuntiatus
517 3260 558 3304 est
584 3260 610 3303 et
635 3251 747 3303 alterum
772 3253 841 3303 diem
859 3251 1026 3302 interlicieus
1044 3248 1182 3315 proiectus

80 3336 121 3379 cst
150 3326 235 3377 multa
259 3343 317 3376 cum
345 3326 505 3375 confidentia
530 3331 622 3374 contra
644 3323 750 3391 beatam
775 3324 875 3374 urbem.
920 3322 1005 3373 coacti
1031 3335 1130 3387 arege
1149 3334 1183 3371 ex

80 3400 129 3450 illa
149 3397 248 3448 milites
267 3404 295 3447 et
312 3396 434 3447 nonnulli
453 3394 571 3447 illustres
584 3394 676 3461 palatii
697 3403 883 3461 exspectantes
900 3395 927 3445 in
949 3393 1015 3444 urbe
1034 3391 1184 3456 Selymbria

80 3478 109 3521 ut
137 3476 300 3535 acceperunt
324 3467 403 3519 huius
422 3468 563 3519 adventum
582 3482 705 3534 magnum
725 3475 751 3517 et
770 3465 967 3517 intolerabilem
987 3466 1087 3532 quippe
1105 3462 1184 3529 gravi

81 3540 202 3592 exercitu
222 3546 248 3589 et
268 3540 464 3607 pugnacissimo
485 3537 664 3601 conciliatum,
685 3538 796 3603 pedibus
816 3553 866 3605 qua
912 3542 1057 3602 potuerunt
1076 3532 1184 3582 luerunt

81 3614 209 3664 reduces:
229 3618 307 3679 atque
319 3612 363 3677 qui
376 3611 402 3659 in
419 3618 512 3675 aperto
533 3624 624 3675 campo
639 3626 668 3659 se
690 3610 859 3660 instruxerim
892 3616 921 3656 ut
941 3607 1038 3671 cuique
1057 3619 1086 3652 so
1101 3617 1183 3669 prae.

81 3684 139 3733 buit
166 3690 269 3748 tempus
295 3695 423 3747 praesens
451 3681 590 3745 adportas
611 3674 822 3746 reprimebantur
843 3678 916 3727 urbis
936 3693 994 3725 cum
1014 3675 1083 3726 alius
1102 3674 1184 3725 alium

82 3756 186 3805 anteire
212 3752 338 3803 studeret.
377 3750 469 3817 paullo
497 3759 556 3815 post
575 3759 663 3801 autem
682 3758 820 3815 apostatae
839 3748 969 3799 adventus
988 3746 1136 3798 horrendus
1157 3755 1185 3796 et

82 3824 212 3876 terribilis
238 3824 423 3885 nuntiabatur,
449 3836 502 3883 non
529 3836 622 3873 carens
650 3823 769 3888 equitatu
794 3819 901 3869 militari
922 3825 948 3867 et
967 3820 1083 3885 peditum
1103 3820 1132 3871 ri
1149 3818 1183 3869 ad

83 3912 197 3963 pugnam
217 3896 332 3962 regiam:
353 3893 525 3947 vastabantur
544 3900 631 3943 autem
648 3894 725 3942 otiam
745 3906 813 3959 quac
833 3898 1005 3941 occurrerent
1024 3897 1051 3940 et
1069 3890 1183 3957 diripie-

82 3968 187 4029 bantur,
214 3982 302 4033 neque
328 3966 385 4015 allo
411 3964 550 4032 gentilium
577 3964 689 4014 inferius
717 3971 757 4012 est
782 3962 912 4011 internum
935 3960 1051 4012 bellum:
1079 3960 1183 4013 obsessi

83 4040 165 4107 igitur
190 4040 259 4106 regii
286 4038 344 4088 lero
369 4050 461 4087 omnes
486 4050 574 4086 rerum
600 4049 668 4101 quac
694 4034 764 4084 intus
788 4036 878 4097 erant,
898 4034 1058 4100 praesidium
1078 4032 1183 4084 lortiter

84 4110 258 4165 exercebante
284 4118 311 4162 ct
335 4124 382 4163 rex
406 4110 435 4161 in
459 4124 522 4161 arce
546 4106 754 4161 Blaebcruarum
779 4106 874 4160 sedens
893 4105 1001 4159 dolebat
1025 4104 1184 4158 familiarem
