2834 4750
413 261 416 270 ’
512 261 721 376 πιετοοιλ.
1040 323 1046 332 .
1117 259 1169 340 la

53 405 241 505 γασόμτνρς
269 414 451 500 προσθήκην
481 419 673 486 trisoricus
704 422 950 510 α’καταμόχητον
980 432 1168 515 προεξένηοτ

54 518 129 586 τοῖς
152 513 313 588 ἐναντίοις.
358 517 391 578 ἐν
412 519 472 604 μιᾷ
494 519 556 602 γὰρ
578 515 722 604 πλήθους
743 522 825 587 κατὰ
851 526 1020 611 βασιλικήν
1040 529 1168 613 γντόμην

53 615 292 702 στρατιωτικοῦ
322 621 609 702 ουναθροισθέντος
642 623 697 686 ’ἕπτ’
724 625 788 687 τιόν
810 633 878 688 κατ’
897 626 1037 713 Ἰβηρίαν
1060 628 1168 717 όρίαν,

52 710 347 800 συνταγματάρχην
378 719 532 802 ἐπίσημον
562 718 688 804 ἔχοντος
717 719 752 799 ός
786 728 967 811 Λιπαρίτης
999 729 1169 812 έπωνομό·
1249 712 1254 730 ¹

25 812 147 892 ὄζετο,
169 813 313 897 συμβολή
339 812 458 896 μετάξό
477 820 600 885 τούτων
621 823 674 886 καί
695 827 758 887 colu
777 817 904 889 Οόννων
926 830 1061 913 καρτερὰ
1083 834 1169 913 γίντ-
1262 847 1271 854 “

55 938 137 995 ται,
166 915 222 986 καί
243 915 341 1000 μέχρι
364 921 484 1002 πολλοῦ
514 923 570 1004 τής
598 924 705 1008 μόχης
737 929 973 1012 καθισταμένης
995 929 1168 1008 ἰσοπαλοός

54 1020 152 1092 τέλος
175 1014 204 1078 οἱ
227 1016 484 1102 α’ντιτεταγμὲνοι
505 1025 541 1084 τὸ
567 1022 683 1107 κρότος
704 1026 871 1111 ἠνέγκαντο
878 1076 888 1108 ,
913 1031 969 1092 καί
988 1028 1061 1106 τοός
1083 1031 1168 1097 ‘Poo-

54 1118 179 1196 μαίους
202 1115 386 1200 νικήσαντες
418 1124 518 1199 ζοῖντα
549 1122 604 1188 τόν
625 1129 809 1211 Λιπαρίτην
838 1134 993 1213 κατέσχον
1014 1133 1069 1195 καί
1088 1131 1168 1217 πρός

53 1217 111 1282 τόν
134 1217 298 1301 ἐθνάρχην
319 1222 427 1285 αὐτόν
455 1223 497 1300 ιός
520 1225 653 1310 θήραμοί
673 1253 703 1292 τι
729 1233 789 1293 τῶν
817 1231 975 1312 μεγίστων
994 1229 1167 1316 ἀπήγαγον.

10 1321 44 1375 10
55 1325 207 1382 καλεῖται
227 1320 256 1380 δ’
278 1308 367 1395 οὗτος
389 1323 561 1400 σουλτοὶυος
590 1328 630 1411 τῇ
651 1332 799 1415 Περσική
820 1331 982 1418 διαλέκτῳ.
1027 1333 1095 1395 αλλ’
1116 1327 1167 1416 ὅγε

55 1422 171 1484 τοῦτον
194 1418 290 1511 Eripis,
305 1480 308 1487 .
326 1419 380 1484 καί
401 1420 435 1486 τό
468 1431 554 1506 γένος
578 1429 688 1519 ταότον
712 1427 908 1514 μεμαθηκώς
938 1435 1167 1517 (προκατέλαβτ

53 1520 120 1606 γὰρ
145 1523 244 1590 αότόν
265 1527 283 1611 ἦ
307 1524 398 1613 φήμη
420 1527 474 1609 τῆς
495 1530 555 1593 τοῦ
577 1529 692 1612 α’νέρός
712 1527 955 1615 γενναιότητος),
978 1525 1073 1615 ήρετο
1089 1533 1167 1597 τοό-

53 1645 111 1686 τον
135 1616 222 1703 ὅπως
251 1629 289 1712 δή
310 1631 464 1712 χρηστέον
483 1629 577 1716 αότῷ.
622 1628 697 1696 ὅδὲ
718 1635 892 1712 βασιλικῶς
910 1629 982 1718 ἔφη.
1025 1635 1081 1696 καί
1104 1635 1168 1698 αό-

52 1723 128 1788 τίκα
150 1729 206 1811 τής
231 1729 388 1813 δυστήνου
416 1731 513 1815 τύχης
537 1734 647 1796 τοῦτον
670 1731 686 1795 ό
710 1731 885 1807 σουλτόνος
904 1730 1091 1815 ἐλευθεροῖ,
1111 1737 1168 1801 κατ’

11 1824 188 1892 torosior
225 1821 270 1894 ὧν
302 1828 382 1896 κατὰ
417 1830 470 1896 τὸν
506 1823 642 1914 πόλεμον
662 1832 888 1917 ,ἀποβεβλήκει
909 1838 1165 1900 πολλαπλασίονα

54 1924 112 2008 τήν
134 1929 309 1996 α’ντὲκτιοιυ
328 1930 414 2014 δούς,
437 1929 495 2015 τήν
510 1931 590 2017 πρός
606 1931 785 2014 Ῥαμαίους
802 1929 884 2000 οὕτω
897 1932 1072 2018 συνεχώρει
1093 1931 1165 2014 ἔξο-

54 2028 122 2112 δον,
146 2030 320 2111 θαυμάσας
342 2031 398 2116 τήν
420 2037 476 2096 τοῦ
500 2031 615 2116 ἀνδρὸς
645 2032 809 2117 εὐψυχίαν
831 2039 885 2099 καί
905 2032 1019 2100 τὸτοῦ
1041 2032 1165 2121 φρονή-

55 2153 156 2209 ματος
183 2129 360 2214 τόσταθές,
383 2133 438 2198 καί
477 2132 614 2218 θελήσας
634 2131 690 2216 μή
718 2133 864 2219 θεότερος
891 2136 992 2200 αότοῦ
1012 2139 1162 2219 γενέσθαι

54 2236 132 2316 περί
162 2233 198 2296 τὸ
229 2239 284 2316 τής
306 2234 448 2316 πρόξενος
481 2235 606 2318 τόγονὲς
636 2236 690 2301 καί
725 2234 1009 2328 α’φιλοχρήματον.’
1053 2238 1164 2303 τοῦτον

14 2330 165 2397 toscona
185 2328 205 2395 ’ό
236 2333 299 2398 τοῖν
316 2330 482 2418 Ῥωμαίων
507 2337 673 2418 δεξόμενος
705 2336 858 2421 βασιλεός
878 2347 984 2421 τιμαῖς
1005 2361 1039 2404 τε
1062 2339 1166 2420 δημο-

56 2440 142 2511 σίαις
166 2434 266 2500 ου’τόν
282 2424 533 2520 κατελόμπρυνε,
553 2437 608 2503 καί
630 2434 746 2521 θοόροις
767 2438 821 2503 καί
837 2440 941 2522 λόγοις
961 2440 1165 2521 πανταχόθεν

57 2530 173 2615 έχουσι
204 2534 238 2601 τό
262 2538 407 2620 λαμπρὸν
438 2535 690 2625 κατεκόσμησεν,
714 2539 758 2615 ὥς
787 2535 867 2626 ὑπὲρ
900 2541 955 2626 τής
984 2540 1164 2625 Ῥωμαϊκῆς

56 2638 225 2715 βασιλείας
248 2634 304 2721 τήν
323 2636 435 2723 ψυχήν
453 2640 647 2716 α’διστόκτως
670 2642 852 2725 προέμενον.

61 2963 149 3016 socios
172 2961 317 3015 sedetiam
337 2958 519 3031 hostes‘ipsos
539 2963 641 3017 validos
661 2963 763 3015 iaciens
783 2964 965 3016 accessionem
980 2979 1029 3030 per
1047 2962 1095 3017 hos
1115 2962 1160 3017 in.

60 3032 157 3087 victam
177 3034 300 3101 praebuit
319 3034 448 3087 hostibus.
487 3051 535 3103 per
565 3052 643 3087 unum
662 3036 731 3086 enirn
755 3035 824 3085 diem
845 3034 1013 3086 multitudine
1032 3051 1066 3085 ex
1086 3038 1162 3103 regia

61 3110 195 3157 sententia
214 3106 323 3158 militari
343 3116 435 3159 coacta
464 3108 491 3157 in
509 3106 612 3159 iberiae
641 3106 738 3158 linibus
758 3108 940 3157 centurionem
959 3105 1091 3157 illustrem
1110 3104 1160 3156 ha.

60 3174 149 3243 bente,
170 3179 216 3246 qui
235 3178 365 3243 Liparites
394 3179 638 3247 cognominabatur,
659 3194 819 3245 congressus
842 3179 913 3228 inter
935 3176 984 3228 hos
1005 3185 1031 3259 et
1045 3176 1161 3261 ¹llupnos

61 3245 135 3300 fortis
155 3250 193 3312 fit,
214 3259 242 3300 et
259 3259 396 3318 postquam
415 3252 459 3301 diu
479 3266 567 3319 pugna
594 3252 681 3302 extitit
700 3265 756 3316 par,
776 3257 910 3316 postremo
935 3257 1052 3316 opposrtr
1071 3256 1159 3314 victo.

61 3318 123 3369 riam
142 3329 321 3387 reportarunt,
345 3330 371 3372 et
390 3322 497 3375 Graecis
517 3324 629 3375 devictis
650 3324 741 3374 vivum
757 3322 899 3388 Liparitem
919 3327 1061 3372 tenuerunt
1080 3328 1106 3371 et
1127 3320 1160 3371 ad

61 3392 152 3456 populi
165 3393 312 3459 principem
324 3394 524 3463 (ethnarchunr)
538 3411 612 3446 suum
628 3402 657 3445 ut
670 3395 823 3445 venationis
841 3394 964 3459 praedam
990 3391 1104 3459 aliquam
1126 3405 1159 3440 cx

61 3458 179 3515 inanimis
200 3462 373 3515 abduxerunt.
396 3475 508 3517 vocatur
529 3474 615 3517 autem
636 3466 679 3516 hic
700 3465 820 3537 soltanus
839 3464 946 3517 Persica
964 3464 1090 3544 dialecto,
1111 3461 1158 3512 sed

62 3529 108 3581 illo
126 3533 198 3586 hunc
216 3536 311 3587 videns
332 3545 358 3587 ct
376 3545 482 3603 gentem
503 3538 559 3589 eius
582 3552 747 3605 cognoscens
773 3536 990 3605 (praeobtinebat
1009 3548 1078 3584 enrnr
1097 3546 1158 3581 eum

63 3600 128 3655 lama
145 3606 293 3659 nobilitatis
312 3609 378 3677 viri)
400 3608 544 3675 quaerebat
564 3624 596 3659 ex
615 3609 677 3673 hoc,
698 3610 831 3677 quomodo
848 3607 954 3658 tandem
972 3611 1155 3685 utereturOeo,

24 3686 28 3689 ·
62 3671 107 3724 ille
128 3687 224 3741 autem,
244 3680 329 3746 regie,
349 3680 449 3746 inquit3
470 3687 496 3729 ct
514 3682 601 3732 statim
615 3682 714 3731 misera
732 3680 839 3731 fortuna
858 3678 929 3727 hunc
947 3672 1156 3757 sultapus'lrbs.

62 3754 101 3795 rat
118 3756 208 3817 cipro
228 3751 347 3801 omnibus
370 3766 438 3817 quae
457 3752 483 3800 in
505 3750 578 3812 bello
599 3752 749 3817 perdiderat
767 3747 943 3814 multiplicem
961 3753 1157 3830 reptptutroncm

62 3815 157 3871 donans
181 3821 213 3872 ad
233 3822 348 3873 Graecos
367 3824 403 3872 ita
427 3820 504 3873 simul
532 3824 665 3873 concessit
694 3821 793 3872 abitum
814 3819 955 3870 admiratus
974 3834 1025 3869 τιτι
1044 3831 1155 3885 magna.

61 3887 201 3943 almitatem
224 3900 251 3945 et
268 3895 347 3944 animi
367 3893 515 3945 firmitatem
544 3902 570 3943 et
593 3892 688 3944 volens
715 3907 769 3943 non
787 3890 900 3941 inferior
922 3904 955 3940 eo
981 3905 1042 3942 esse
1060 3890 1089 3940 in
1113 3888 1156 3941 la-

63 3960 95 4007 cti
118 3962 258 4015 nobilitate
286 3974 313 4017 et
336 3966 498 4033 integritate.
546 3964 616 4015 huuc
642 3964 724 4031 igitur
752 3962 913 4015 Graecorum
940 3962 1077 4027 excipiens
1108 3974 1157 4011 rex

63 4024 203 4087 honoribus
222 4034 337 4103 publicis
358 4052 417 4087 cum
438 4035 580 4087 honoravit
599 4042 626 4085 et
648 4034 726 4085 donis
751 4042 778 4084 et
797 4032 887 4085 verbis
906 4032 1005 4101 ubique
1025 4032 1157 4083 illustrem

62 4102 185 4159 rationem
214 4107 370 4161 habentibus
399 4109 505 4160 ornavit
523 4115 552 4157 ut
576 4120 624 4173 pro
645 4105 747 4159 Graeco
764 4107 876 4172 irnperio
902 4108 984 4157 vitam
1013 4112 1087 4155 certo
1106 4102 1156 4155 de-

62 4182 209 4231 vorantem.
