2834 4750
151 239 155 244 ·
233 229 282 302 ιο
523 233 744 335 mommio
774 231 1032 353 amanioms
1122 261 1127 264 -
1166 193 1178 210 ⁰

232 396 289 476 τήν
310 401 372 460 τῶν
394 400 510 460 ναϊκοῑν
540 400 596 460 καί
628 397 797 460 ἰδιωτικῶν
826 393 991 478 κτημάτων
1018 392 1208 479 ἀφαίρεσιν,
1231 393 1347 475 ἕτερον

235 493 288 561 διὰ
312 493 422 562 πάντα.
475 491 564 562 ἄλλοι
585 495 638 561 διὰ
675 496 910 582 σωφρονισμοῖν
938 496 1000 560 τῶν
1017 500 1193 576 μετέπειτα.
1238 517 1347 574 μονο-

235 600 329 679 νοοχί
350 603 407 662 τοῦ
422 599 672 680 μεταλλάξαντος
693 595 860 662 ultanus
881 601 1054 676 συνέβαλον
1066 593 1128 678 γὰρ
1151 593 1209 678 τήν
1232 594 1344 676 μετά-

235 712 324 763 νοιαν
345 692 391 763 ὅτι
409 698 465 782 τήν
486 701 577 763 θείαν
602 702 847 784 φιλανθρωπίαν
867 701 1046 770 ἐκκαλεῖται
1068 694 1147 781 πρὸς
1169 693 1270 760 ἔλεον.
1312 694 1345 760 οἱ

205 878 209 898 ν
236 802 272 864 δὲ
293 800 412 862 τούτων
443 802 576 864 ε’ναντίοι
604 800 781 881 μετάμελον
800 791 925 880 θρέψαι
954 795 1008 861 τὸν
1040 790 1142 879 ἄνδρα
1173 797 1253 879 μετὰ
1279 795 1369 880 τήν5

237 900 443 984 α’νιιχοίρησιν
476 897 597 984 ἔλεγον,
628 899 682 963 καί
711 896 789 962 κατὰ
822 901 918 963 τοῦτο
950 902 1007 982 τής
1029 897 1257 980 μεταβιοόσεως
1294 896 1341 981 μή

236 1000 432 1066 α’πὸνασθαι.
486 997 515 1064 οἱ
538 1003 572 1065 δὲ
593 999 628 1063 τὸ
661 986 783 1085 ῥεῦσαι
805 996 983 1083 ἁγιωσύνης
1003 996 1094 1083 ἔργον
1114 1002 1256 1063 ἐτίθεντο
1284 1002 1343 1062 διὰ

234 1098 293 1182 τήν
313 1099 393 1181 μετὰ
418 1105 518 1166 ταῦτα
546 1103 667 1182 μᾶλλον
688 1099 877 1180 μετάνοιαν,
901 1105 956 1165 καί
987 1096 1021 1164 τό
1045 1101 1216 1181 δειχθῆναι
1238 1103 1345 1164 πᾶσιν

234 1198 280 1273 ὥς
302 1201 359 1262 ode
381 1197 465 1264 ἔστιν
487 1200 664 1286 ἁμάρτημα
686 1200 719 1264 τὸ
749 1198 807 1284 τήν
827 1202 921 1264 θείαν
945 1191 1111 1280 εὐμένειαν
1131 1197 1344 1280 βιαζόμενον,

236 1301 267 1364 εἰ
285 1303 348 1365 ταῖν
371 1305 475 1367 κακοῦν
497 1327 544 1377 τις
562 1304 704 1379 ἐκκλίνας
725 1300 760 1365 τὸ
786 1300 909 1383 οἷγαθόν
931 1303 1042 1365 ἕλοιτο.
1086 1297 1146 1382 ἐγώ
1166 1303 1201 1363 δὲ
1225 1301 1343 1386 α’μφο.
1356 1326 1380 1376 10
1407 1328 1409 1343 =

236 1401 338 1481 τίρων
357 1400 412 1486 τήν
433 1402 818 1486 γνώμηνέπαποδὲχομαι
842 1404 885 1488 τῷ
907 1401 964 1484 τήν
975 1404 1035 1481 μὲν
1055 1397 1228 1483 κωλυτικήν
1253 1397 1346 1463 εἶναι

160 1555 162 1561 ,
236 1497 413 1578 μελλόντων
443 1503 565 1582 κακῶν,
590 1500 648 1586 τήν
674 1503 711 1565 δὲ
744 1499 975 1584 προτρεπτικὴν
1013 1498 1075 1563 α’πὸ
1107 1498 1165 1563 'roci
1193 1498 1346 1581 χείρονος
1407 1506 1408 1563 ζ

83 1717 149 1773 ooo.
164 1717 226 1774 Esc.

125 1791 145 1844 l.
164 1789 226 1844 298.

81 1875 126 1916 sn.
147 1861 225 1917 1059.

238 1599 316 1683 πρὸς
337 1599 370 1664 cd
395 1607 533 1683 βέλτιον·
575 1605 632 1666 καί
652 1599 783 1676 οὐδενός
802 1600 859 1685 τήν
881 1596 963 1686 ήττω
992 1602 1275 1691 καταψήφίζομαι.

336 1702 417 1766 Ἀλλ’
452 1700 546 1783 duos
574 1707 673 1786 λέγειν
696 1701 712 1766 ὁ
734 1700 823 1785 λόγος
846 1696 987 1786 (ὅρμητο,
1020 1692 1248 1783 ἑπιλαβόμενος
1277 1706 1346 1765 τῶν

234 1806 409 1885 βασιλικῶν
430 1791 596 1888 σκήπτρων
620 1807 858 1877 Κωνσταντῖνος
880 1801 897 1866 ὁ
919 1803 1045 1876 Δούκος
1077 1799 1276 1886 συνήθροισε
1302 1801 1345 1866 τοὶ
1357 1819 1381 1870 15

236 1912 400 1986 σωματεῖα
423 1907 477 1988 τῆς
500 1899 629 1986 πόλεως,
657 1903 712 1968 καί
741 1902 852 1988 λόγους
882 1905 1051 1977 ἐπιεικείας
1079 1907 1235 1986 γέμοντας
1264 1906 1347 1989 ἐδη-

235 2007 396 2090 μηγόρησε
417 2005 498 2088 πρὸς
520 2005 649 2093 αὐτούς,
667 2001 767 2088 αιέμὲ”
790 2003 907 2090 φήσας,
924 1996 971 2069 “ai
991 1997 1115 2088 ἄνδρες,
1128 2006 1269 2086 βασιλέα
1290 2029 1347 2070 τε·

235 2107 351 2180 enasor
378 2109 441 2170 eois
470 2133 522 2174 επι
553 2133 610 2192 γης
643 2134 658 2171 ο
686 2108 868 2188 βασιλείων
901 2110 935 2172 ἐν
961 2109 1109 2191 οιίρανοῖς
1130 2110 1185 2189 τῆς
1206 2103 1346 2172 ducionis

236 2213 384 2292 μεγίστης
405 2210 495 2291 τιμῆς
516 2193 665 2294 πεποίηκε
685 2213 836 2291 μέτοχον.
889 2207 951 2290 ἐγώ
974 2211 1010 2271 δὲ
1033 2202 1090 2271 οὐκ
1115 2202 1155 2270 ab
1175 2207 1345 2290 ψεύσαιμι

236 2310 293 2389 τὰς
316 2306 397 2394 πρὸς
419 2308 537 2375 ἐκεῖνον
570 2305 750 2395 συνθήκας,
774 2309 845 2374 ἀλλ’
866 2309 1004 2392 εὐμενής
1032 2311 1088 2373 καί
1109 2310 1380 2393 φιλάνθρωποςγρ

236 2409 362 2493 ἔσομαι,
384 2412 487 2495 πατήρ
521 2435 554 2474 τε
586 2419 651 2485 τοῖς
672 2414 771 2491 νέοις,
794 2412 849 2475 καί
874 2419 940 2487 τοῖς
969 2409 1070 2495 ήλιξιν
1100 2409 1260 2495 ἀδελφός,
1287 2410 1345 2475 καί

311 2602 335 2653 1.
349 2594 405 2667 ’τήν
426 2616 469 2653 om
487 2599 517 2653 0.
625 2602 651 2655 2.
673 2566 910 2675 σωφρονισμόνλΙ
926 2616 989 2653 mox
1005 2600 1062 2653 hiat
1080 2601 1175 2653 oratio.
1297 2596 1340 2653 11.

308 2672 562 2744 ἐπαποδεχόμενος
583 2672 612 2726 G.
1117 2693 1121 2706 ι
1232 2688 1239 2698 “

239 2837 330 2903 risque
355 2836 495 2901 quotannis
522 2852 537 2885 e
559 2836 644 2903 regiis
668 2836 801 2891 thesauris
819 2838 965 2902 darentur,
985 2837 1033 2889 alii
1050 2844 1160 2904 propter
1178 2827 1341 2905 templorum

240 2914 267 2957 ct
285 2906 447 2971 privatarum
466 2910 664 2973 possessionum
683 2908 876 2978 abreptionem,
896 2909 943 2960 ulii
961 2918 1070 2976 propter
1089 2912 1186 2975 omnia,
1206 2909 1253 2961 alii
1274 2926 1340 2977 pro.

240 2985 299 3044 pter
323 2978 527 3046 castigationum
553 2970 698 3031 futurorum
722 2997 809 3049 poene
837 2980 954 3033 defuncti
983 2994 1105 3047 poenam.
1150 2980 1342 3048 intelligebant

241 3049 311 3099 enim
330 3050 520 3115 poenitentiam
540 3052 610 3119 qnod
624 3053 740 3105 divinam
750 3054 941 3121 benignitatem
961 3061 1057 3103 evocat
1074 3054 1107 3103 ad
1122 3053 1339 3104 misericordiam.

240 3121 334 3171 horum
353 3129 440 3172 autem
460 3124 587 3174 contrarii
606 3127 798 3189 poenitentiam
817 3123 942 3177 habuisse
961 3125 1047 3175 uirum
1067 3132 1128 3191 post
1145 3139 1285 3187 secessum
1298 3125 1340 3175 di.

241 3191 345 3254 cebant,
366 3201 393 3243 et
411 3193 460 3243 hac
479 3195 507 3243 in
525 3210 555 3245 re
574 3198 630 3246 vita
648 3205 779 3264 sequente
801 3210 855 3247 non
875 3196 942 3246 frui:
962 3195 1008 3245 ulii
1028 3196 1160 3248 autemid
1178 3197 1249 3263 quod
1269 3194 1339 3247 flue.

240 3264 294 3324 bat,
314 3264 461 3315 sanctitatis
480 3266 584 3333 signum
605 3268 755 3319 statuebant
779 3275 888 3335 propter
914 3268 1041 3317 maiorem
1059 3266 1170 3333 posthac
1195 3268 1339 3333 poeniten.

240 3336 303 3384 tiam
322 3335 399 3385 etad
417 3335 579 3401 probandum
599 3338 729 3405 omnibus,
747 3355 801 3391 non
821 3354 881 3390 csse
899 3346 1046 3405 peccatum,
1058 3339 1128 3406 quod
1143 3339 1261 3390 divinum
1280 3338 1339 3389 cle.

240 3406 365 3458 mentium
383 3415 487 3475 urgeat,
507 3410 530 3459 si
548 3409 607 3476 quis
626 3409 702 3462 malis
721 3427 751 3463 se
768 3410 913 3462 deflectens
932 3410 1031 3461 bonum
1050 3410 1173 3477 eligeret.
1211 3424 1271 3477 ego
1289 3426 1338 3460 an.

240 3486 295 3527 tem
319 3486 490 3546 utrorumque
518 3482 675 3531 sententiam
703 3483 805 3533 reddidi
832 3482 900 3532 hano
925 3480 1035 3531 obrem
1053 3481 1125 3549 quod
1143 3481 1228 3531 altera
1246 3497 1339 3531 arcere

241 3549 360 3613 possita
378 3550 473 3602 laturis
492 3551 587 3614 malis,
606 3551 691 3604 altera
709 3554 850 3605 advertere
869 3554 987 3619 possita
1005 3556 1099 3619 peiore
1117 3552 1150 3603 ad
1168 3552 1284 3615 melius,
1312 3560 1338 3601 et

241 3629 362 3671 neutram
381 3631 410 3674 ut
429 3624 583 3674 inferiorem
610 3622 716 3675 damno.

298 3744 313 3756 ,
342 3709 394 3761 Sed
412 3711 438 3762 id
457 3712 526 3779 quod
539 3711 603 3762 mihi
622 3712 714 3762 dicere
733 3713 817 3762 oratio
837 3712 970 3775 tendebat,
990 3713 1106 3777 receptis
1124 3700 1208 3777 regiis
1226 3714 1338 3777 sceptris

244 3784 431 3839 Constantinus
449 3785 536 3835 Duces
557 3786 646 3851 coegit
666 3783 783 3852 collegio
801 3784 873 3835 urbis
893 3793 919 3835 et
938 3785 1072 3840 orationes
1092 3783 1234 3833 clementia
1250 3783 1337 3833 refer.

242 3865 282 3907 tas
301 3853 394 3903 habuit
411 3855 442 3905 ad
462 3872 529 3918 eos,
550 3872 607 3906 cum
627 3857 745 3906 diceret:
759 3872 822 3939 nie,
842 3858 912 3919 viri,
933 3870 990 3905 cum
1009 3869 1101 3921 regem
1119 3853 1264 3904 reddiderit
1281 3863 1335 3903 ter.

147 3920 151 3930 ’
243 3940 335 3977 renum
354 3924 403 3974 illc
423 3927 467 3991 qui
487 3928 514 3974 in
534 3928 617 3978 coelis
636 3922 733 3995 kgnat
750 3943 867 3979 ommum
886 3929 992 3978 maximi
1012 3928 1121 3977 honoris
1142 3924 1207 3974 lecit
1224 3926 1335 3990 partici-
1407 3967 1408 3970 ,

242 4012 312 4063 pem.
351 4006 402 4062 ego
421 4003 507 4045 autem
526 4012 579 4047 nou
599 3998 689 4050 lullum
708 4000 780 4050 datas
801 3999 842 4049 illi
860 4000 1066 4065 promissiones,
1092 3996 1140 4046 sed
1164 3995 1284 4046 clemens
1311 4004 1337 4046 ct

245 4070 373 4120 humanus
394 4080 449 4130 cro,
469 4074 545 4134 pater
563 4069 788 4135 adolescentibus,
809 4069 1011 4138 coaequalibus
1030 4069 1122 4129 irater,
1143 4075 1170 4117 et
1187 4068 1273 4133 scipio
1292 4082 1336 4118 se-

244 4138 322 4193 nibus
343 4145 369 4189 ct
386 4152 452 4225 puer
471 4139 660 4225 constitutione
680 4149 707 4191 et
726 4142 905 4195 aemulatione
923 4148 1041 4193 naturae.
1081 4140 1189 4190 eueniet
1206 4145 1294 4189 uatem
1310 4140 1336 4188 in
