2834 4750
470 329 473 338 ’
532 326 738 400 moronis.
789 391 793 397 .
1125 324 1198 408 245

86 524 157 584 ρων
180 502 240 566 καί
262 492 367 584 δρκων
386 499 624 581 συστήσασθαι.
681 495 734 566 διε
755 504 792 566 δὲ
818 501 853 568 τὸ
872 499 962 589 ἔργον
980 509 1037 591 τῆς
1054 527 1200 587 συνωμο-

84 606 163 676 σίας
185 597 371 684 ἐπλήρωσε,
389 598 445 663 καί
466 601 511 674 εἰς
533 599 568 664 τδ
593 594 705 685 αύριον
726 603 941 686 α’ναγορεῦσαι
959 605 1012 670 ιδν
1025 610 1199 690 Βρνίννιον

83 702 125 767 τύι
148 703 219 766 τοῖν
238 701 470 784 συναραμένων
492 700 828 788 αύτή-διεοκύψαντσ,
860 695 906 779 εἷς
927 703 1045 770 τούτων
1062 706 1199 790 χάριτας

84 805 121 867 ἔκ
144 801 250 866 τινων
272 801 537 884 προηγησαμίνων
566 803 713 884 χρηστῶν
743 802 906 886 ὁμολογεῖν
936 800 1020 885 ἔχων
1040 828 1096 886 μοι
1116 828 1199 889 προ-

57 904 213 984 5σῆλθεν
250 898 334 983 ύωρί
365 902 429 964 τῶν
457 901 590 981 νυκτοῖν,
622 905 676 965 καί
706 901 765 985 τήν
784 904 956 987 ἐπιβουλήν
985 904 1197 989 δσεσήμανεν.

84 997 191 1075 αύτὸς
224 1001 264 1063 δὲ
294 997 393 1064 πολλὰ
414 999 632 1085 δυσχεράνας,
662 1000 717 1065 καί
745 1001 844 1067 πολύν
876 1001 1059 1085 ὀνειδισμὸν
1079 1000 1199 1069 τούτων

83 1103 144 1166 καί
171 1102 326 1183 μυκτῆρα
365 1101 598 1182 καταχεάμενος
630 1098 672 1178 ω“ς
701 1103 963 1187 καταπροδόντων
989 1103 1047 1188 τήν
1076 1097 1200 1168 ἑαυτῶν

84 1205 258 1286 σωτηρίαν
289 1203 344 1266 καί
371 1199 406 1266 cd
434 1204 489 1284 τῆς
522 1203 658 1280 πίστεως
690 1202 864 1286 σύμβολον,
894 1202 1114 1287 α’νυιιονοήτως
1140 1206 1200 1284 μὲν

84 1294 191 1367 αύτδν
206 1305 265 1367 καί
284 1308 351 1382 μετ’
366 1301 535 1377 ἐπιεικείας
550 1300 799 1389 ἀπεπεμψάμην,
821 1306 996 1388 μελετήσας
1019 1307 1054 1368 δὲ
1074 1329 1201 1387 παραυ.

41 1414 75 1466 10
84 1407 159 1468 τίκα
195 1401 261 1501 τήν
279 1401 371 1466 πόλιν
390 1399 508 1486 ταύτην
529 1408 583 1467 καί
603 1401 658 1487 τήν
681 1404 853 1489 ἐπιβουλήν
882 1410 1039 1492 ἐκφυγεῖν,
1061 1400 1199 1490 ὥρμησα

83 1508 157 1586 μέν,
184 1498 339 1587 οδς·εἶχον
359 1503 499 1588 ἡμιόνων
523 1509 578 1570 καί
598 1504 702 1570 ἵππων
724 1507 780 1571 καί
798 1504 1046 1591 ἀνθρώπωνκαὶ
1065 1509 1119 1589 τῆς
1143 1497 1200 1570 dt.

84 1611 142 1690 λης
164 1608 390 1689 παρασκευῆς,
413 1605 448 1666 ἐκ
468 1606 587 1689 ταύτης
616 1606 832 1691 ύποφοιτήσαι
858 1609 1041 1680 σπουδαίως
1059 1603 1139 1670 κατὰ
1160 1603 1197 1668 td

86 1704 249 1789 λεληθδς,
278 1706 316 1767 ου’
334 1704 399 1789 μήν
425 1703 590 1791 ἠδυνήθην
620 1704 673 1770 διδ
696 1705 730 1770 ιδ
756 1708 1121 1792 προκατασφαλισθήνσι
1139 1704 1199 1780 τοὶς

86 1805 196 1878 πύλας
227 1808 283 1888 τῆς
304 1800 425 1880 πόλεως
456 1811 587 1888 μοχλοῖς
620 1810 761 1891 σιδηροῖς
787 1806 843 1871 καί
870 1803 1010 1882 ὁπλίταις
1031 1803 1118 1889 παρὰ
1143 1809 1199 1889 τῆς

43 1908 146 1977 15τοιῖ
168 1903 322 1989 Βατύτζη
347 1904 513 1988 γυναικός,
547 1902 586 1990 ἢν
619 1903 634 1971 ὃ
660 1910 807 1990 σίνωτέρω
834 1905 925 1990 λόγος
946 1903 1124 1990 ἐδήλωσεν,
1138 1907 1226 1981 ἔωςί.
1241 1919 1331 1977 220v.

86 2007 130 2068 δι’
154 2004 298 2069 σ’πειλιόν
330 2008 453 2070 πολλῶν
483 2006 537 2071 καί
559 2009 754 2091 μηνυμάτων
784 2008 975 2080 κατασείσας
996 2003 1113 2089 αύτήν,
1147 2006 1197 2070 ὅτι

87 2104 172 2187 πρὸς
192 2103 330 2187 πόλεμον
363 2106 443 2193 αύτῇ
461 2106 724 2191 συρραγήσσμαι,
758 2110 813 2189 τής
832 2107 954 2190 ἡμέρας
984 2105 1196 2190 ε’πιφοιτσδσης

86 2202 324 2290 συνεχωρήθην
349 2205 407 2289 τήν
441 2204 569 2288 ἔξοδον,
600 2203 636 2271 τδ
659 2201 782 2293 ’ἄδηλον
815 2208 1010 2294 φοβηθείσης
1023 2195 1109 2286 7μετύ
1133 2207 1196 2271 τῶν

87 2304 211 2392 ταύτης
233 2303 330 2373 υἱέων
360 2306 416 2392 τῆς
445 2310 504 2371 τού
525 2309 667 2388 πολέμου
690 2307 858 2389 ἐκβάσεως.
911 2310 1044 2391 ἐξῆλθον
1068 2296 1195 2371 σύνὲιι·

43 2411 192 2488 aonides,
222 2411 278 2473 καί
305 2412 360 2493 τῆς
394 2412 439 2484 είς
462 2407 518 2493 τήν
544 2409 696 2491 βασιλίδα
721 2408 880 2495 φερούσης
903 2408 1069 2501 δυνάμενος
1090 2405 1194 2473 πάντα

87 2505 128 2573 εδ
156 2507 339 2592 ἔμπροσθεν
368 2500 462 2595 εύρον
483 2511 620 2595 γαλήνης
646 2516 765 2591 μεστοί,
790 2513 846 2575 κατ’
865 2506 941 2584 τούς
960 2511 1019 2574 τοῦ
1039 2507 1196 2591 βασιλέως

87 2608 287 2691 στρατιώτας
314 2610 597 2693 διεοκεδασμύνους
624 2614 668 2687 είς
698 2611 958 2696 παραχειμασίαν
992 2615 1061 2684 ταῖς
1083 2598 1194 2682 ἄλλαις

88 2710 204 2775 πόλεσι
225 2711 281 2774 καί
313 2712 434 2795 μηδίνα
462 2710 613 2795 κυδοιμὸν
634 2710 878 2787 ύπυπτεύσντας.
932 2711 1115 2785 σπουδαίως
1137 2698 1195 2772 οὖν

92 3014 351 3069 etcouiuratiouem
379 3015 494 3084 propriis
523 3015 762 3083 subscriptionibus
783 3022 810 3066 et
836 3014 1056 3067 iuribusiurandis
1079 3014 1194 3065 coniun-

89 3094 206 3156 gerent:
226 3087 329 3154 quaudo
349 3095 436 3139 autern
458 3102 524 3155 opus
536 3088 727 3140 coniurationis
745 3085 870 3153 implevit
888 3087 972 3153 etqui
991 3085 1023 3136 ab
1043 3087 1100 3135 eins
1119 3092 1195 3150 parto

91 3161 198 3213 stabant
226 3159 253 3209 in
278 3166 413 3224 posterum
440 3159 510 3209 diem
528 3160 681 3211 renuntiare
709 3158 873 3223 Brycnnium
891 3164 1055 3219 statuerunt,
1075 3169 1143 3206 unus
1162 3170 1196 3205 ex

91 3231 145 3295 his,
166 3230 212 3299 qui
231 3231 329 3298 gratias
347 3246 397 3298 pro
416 3230 570 3299 quibusdam
589 3231 723 3298 prioribus
742 3230 844 3281 meritis
866 3228 967 3280 habere
988 3228 1052 3278 mihi
1071 3226 1195 3291 debebat,

92 3304 170 3355 venit
189 3303 221 3353 ad
246 3318 288 3353 me
317 3303 477 3369 intempesta
503 3312 583 3354 nocte
610 3310 636 3352 ct
660 3301 802 3353 consilium
829 3300 1016 3368 significabat,
1036 3301 1094 3365 ipse
1115 3297 1195 3349 valde

92 3375 235 3444 indignans
261 3383 288 3425 et
311 3374 394 3425 multa
422 3374 565 3441 opprobria
595 3375 623 3425 in
642 3373 691 3424 hos
719 3379 745 3423 et
768 3373 971 3439 despicientiam
996 3371 1101 3422 iaciens
1119 3376 1149 3420 nt
1167 3369 1196 3419 in
1289 3392 1292 3396 ·

91 3447 238 3512 prodentes
257 3445 369 3497 salutem
388 3462 460 3498 suam
481 3454 507 3497 et
525 3446 586 3498 lidei
605 3453 724 3511 pactum:
750 3444 809 3495 sine
837 3445 990 3511 suspicione
1010 3457 1069 3493 eum
1091 3448 1117 3491 et
1136 3439 1196 3489 cle.

92 3524 197 3566 menter
216 3515 319 3577 dimisi·,
338 3517 479 3567 meditatus
492 3525 581 3568 antem
600 3519 687 3570 statim
699 3515 791 3567 urbem
803 3514 872 3567 hanc
892 3524 918 3567 et
936 3513 1044 3566 insidias
1065 3512 1195 3580 effugere,

92 3586 232 3654 profectus
251 3601 308 3637 sum
326 3586 363 3637 ita
381 3594 410 3637 ut
431 3602 501 3638 eram
520 3605 579 3639 cum
597 3589 676 3641 mulis
696 3596 723 3639 et
742 3588 817 3655 equis
838 3596 864 3639 et
882 3586 1032 3638 bominibus
1052 3591 1079 3635 et
1098 3584 1196 3634 ceteris

92 3657 307 3725 impedimentis,
332 3666 361 3708 ut
387 3674 420 3709 ex
444 3658 494 3709 hae
513 3662 633 3715 venirem
652 3661 771 3713 studiose
800 3659 876 3710 clam.
920 3673 1009 3726 neque
1029 3670 1096 3709 vero
1115 3660 1197 3721 pote-

91 3746 165 3796 τκω,
178 3729 241 3795 quia
259 3728 415 3793 praeclusae
436 3739 512 3781 eraut
529 3740 621 3797 portae
646 3731 719 3782 urbis
744 3730 866 3782 obicibus
893 3731 989 3782 ferreis
1012 3735 1039 3778 et
1057 3742 1106 3793 per
1121 3724 1196 3775 mili.

93 3810 134 3853 tes
153 3801 244 3868 gravis
263 3808 411 3851 armaturae
436 3802 573 3854 aBatatzi
597 3818 698 3867 uxore,
727 3818 804 3869 quarn
824 3804 947 3869 superior
970 3814 1057 3853 sermo
1078 3812 1195 3848 comme.

92 3873 225 3936 moravit,
245 3872 331 3923 donec
359 3872 436 3923 minis
461 3872 551 3926 multis
571 3884 598 3926 et
626 3872 851 3925 declarationibus
871 3873 1027 3925 concutiens
1046 3886 1114 3933 earn,
1136 3884 1195 3919 oum

94 3945 210 4009 dicerem
228 3959 270 3995 rue
288 3943 388 3996 bellurn
409 3959 467 3995 cum
488 3960 519 3995 ea
538 3952 722 3997 consertururn
741 3960 817 4008 esse,
836 3945 878 3995 die
899 3943 1076 3995 illucescente
1096 3942 1195 3993 exitum

94 4016 247 4082 impetravi:
268 4032 326 4067 oum
345 4016 475 4067 incertum
495 4031 526 4067 en
545 4017 651 4067 timeret
669 4031 728 4066 curn
749 4015 812 4068 liliis
832 4015 899 4066 belli
927 4023 1060 4066 eventurn.
1099 4028 1195 4080 egres-

95 4102 139 4139 sus
158 4088 240 4155 igitur
259 4104 314 4139 sum
338 4088 399 4139 iude
420 4096 446 4139 et
465 4089 535 4140 viam
558 4102 626 4156 quae
646 4088 677 4138 ad
696 4087 788 4137 urbem
815 4087 867 4137 fert
884 4094 979 4139 tenens
999 4088 1087 4137 omnia
1104 4087 1195 4151 priora

96 4158 186 4211 inveni
214 4159 408 4227 tranquillitate
427 4160 523 4229 plena,
554 4168 580 4211 et
607 4161 679 4227 regis
704 4158 804 4213 milites
831 4159 965 4225 dispersos
984 4159 1010 4208 in
1032 4157 1143 4209 hiberna
1162 4154 1196 4206 ad

97 4228 161 4283 alins
180 4231 278 4296 urbes,
297 4246 385 4301 neque
404 4232 485 4287 ullam
506 4232 609 4285 turbam
630 4231 810 4299 suspicantem
836 4231 953 4285 studiose
975 4244 1039 4297 ergo
1059 4230 1195 4297 ingressus
