2834 4750
227 227 302 304 tto
519 221 740 322 uraafflrs
769 213 1027 295 umidioris

226 400 315 484 γετο)
336 395 522 479 ιἰαεεσχόθη
539 392 625 477 παρό
654 393 717 458 τάν
740 391 880 474 ἀγόντων
901 386 1017 467 αάτόν,
1035 383 1097 460 ἓως
1116 384 1157 448 όν
1177 381 1343 464 βασιλέως

229 495 399 582 πρόσταξις
426 519 473 570 τις
503 495 703 580 ἐπιφοιτήσει
733 489 769 556 τό
798 495 942 575 ποιητέον
971 490 1046 570 περὶ
1074 480 1181 550 adrev·
1211 478 1341 546 ε’πιτότ.

229 620 339 664 socca.
383 596 452 660 ἀλλ’
473 585 545 678 ἧκεν
567 595 701 678 ἡμέραις
717 587 847 676 ὕστερον
867 589 887 673 ἧ
908 588 1034 655 πόντιον
1055 587 1265 670 ἀθηνεστὲρα
1290 584 1342 645 καί

230 698 460 786 α’ποφημοτόρα
493 695 571 762 κατὰ
601 699 659 761 τού
678 693 718 760 τό
752 695 886 760 τοιαῦτα
914 689 1184 772 όεόυστυχηνότος
1209 685 1339 768 ἀπόφα-
1399 706 1401 709 ·

227 823 297 880 σις,
335 799 536 884 όιοριζομόνη
565 795 639 873 τούς
665 793 859 882 ὀφθαλμούς
892 790 1005 858 τούτου
1043 786 1235 872 παραυτίκα
1272 785 1359 848 διο-5

230 902 374 985 poprium.

334 1001 376 1064 Τι’
395 996 471 1087 φῄς,
495 990 523 1063 (ό
543 1001 680 1081 βασιλεῦ
701 995 757 1061 κατ’
774 995 803 1061 οἱ
824 994 886 1062 σύν
909 994 962 1060 σοι’
982 991 1041 1076 τήν
1062 993 1201 1056 ἀνοσίαν
1222 983 1340 1071 βουλὴν

230 1101 554 1183 κατασκευασάμενοι.
606 1097 722 1181 ἀνδρὸς
753 1097 944 1182 όφθαλμούς
980 1096 1081 1180 μηδὲν
1111 1087 1337 1174 ἀδικήσαντος,

230 1200 313 1267 ἀλλὰ
343 1200 400 1283 τὴν
428 1197 549 1266 ἑαυτοῦ
569 1195 679 1282 ψυχήν
707 1199 788 1282 ύπὲρ
820 1194 923 1281 πόσης
950 1198 1007 1279 τῆς
1033 1195 1208 1274 Ῥωμαίων
1231 1191 1337 1273 εόετη-

231 1301 320 1386 ριάς,
348 1305 403 1366 καί
436 1309 500 1376 τοϊς
534 1300 798 1382 πολεμικωτάτοις
823 1295 948 1364 ἔθνεσιν
977 1297 1237 1379 ἀντιταξαμένοο
1259 1287 1366 1373 padre

134 1457 139 1473 .
230 1403 385 1485 καρτεροῦ
401 1404 460 1466 τού
475 1391 705 1483 συντάγματος,
728 1395 797 1476 ἐξόν
809 1390 845 1460 όν
864 1399 950 1482 αύτῷ
963 1391 1137 1466 ἀκινδύνως
1151 1401 1222 1466 τοῖς
1242 1395 1336 1472 βασι-

231 1505 325 1577 λειόις
349 1505 535 1584 προσμένειν
554 1505 609 1565 καί
627 1496 876 1581 στρατιωτικούς
890 1497 1005 1571 πόνους
1026 1492 1083 1558 eod
1104 1490 1234 1578 φόβους
1258 1493 1334 1553 ἀπο.

231 1599 442 1666 τινάσσεσθαι
450 1628 461 1682 ,·
496 1589 676 1672 &aerisonis
699 1601 755 1662 καί
779 1597 836 1682 τὴν
869 1595 984 1680 ἀρετην
1004 1599 1152 1676 πολέμιος
1172 1590 1337 1664 αἰδεσθείς

231 1701 399 1785 ἤσπόσατό
421 1725 456 1766 τε
477 1704 611 1786 γνησιόος
638 1702 694 1765 καί
712 1698 812 1783 λόγων
834 1699 888 1762 κατ’
915 1693 1000 1762 ἀλῶν
1020 1695 1063 1771 cic
1084 1695 1221 1780 ἀδελφῷ
1237 1715 1336 1773 μετα-

232 1803 366 1888 δόόωκε,
399 1801 452 1868 καὶ
478 1805 654 1889 σύνθρονον
685 1799 743 1866 τόν
767 1796 972 1882 αἰχμάλωτον
1004 1795 1195 1880 ἐποιήσατο,
1218 1791 1278 1856 κατ’
1298 1791 1367 1867 ciffi

233 1903 356 1988 ἀγαθός
378 1903 487 1988 ἰατρός
509 1905 678 1991 φάρμακον
712 1899 912 1966 ἀκεσοόόυνον
933 1899 992 1976 τὰς
1017 1895 1170 1972 τοιαύτας
1193 1918 1337 1978 παρηγο-

233 2007 305 2088 ριάς
326 2007 370 2094 τῷ
394 2008 619 2092 φλεγμαίνοντι
638 2007 692 2087 τῆς
717 2002 817 2087 λύπης
840 2005 1002 2086 ἐπέθηκεν,
1022 1993 1105 2065 dete
1123 2001 1261 2074 δικαισνς
1284 1996 1338 2078 τη“ν

233 2109 321 2190 νίκην
341 2106 394 2170 ὑπ’
432 2109 591 2194 ἀθλοθέτη
615 2109 680 2194 θεῷ
710 2108 820 2185 λαβεῖν
848 2102 865 2166 ό
888 2101 1062 2177 οουλτόνος
1082 2099 1339 2183 ἀναγινώσκεται,

188 2253 191 2264 ,
234 2210 376 2282 τοιοῦτος
399 2206 606 2289 ἀποδειχθείς
629 2198 816 2288 ἅνθρωπος,
850 2202 905 2268 καί
923 2206 1072 2267 τοσούτου
1095 2195 1187 2282 ὄγκον
1214 2195 1339 2284 φρονη-

231 2331 313 2386 οειος
336 2307 392 2375 κατ’
409 2309 606 2389 ἀνεξικακίας
638 2304 882 2389 ἐπιδειξόμενος.
937 2302 978 2370 σύ
1004 2304 1039 2366 dd
1065 2301 1101 2367 τό
1116 2301 1374 2386 spectaverant

233 2401 261 2473 οό
281 2401 415 2491 βασιλεῦ
426 2438 436 2491 ,·
461 2410 718 2494 ἀποστερηθῆναι
739 2412 795 2473 καί
813 2408 913 2473 αότσῦ
935 2410 992 2471 τοῦ
1016 2402 1122 2491 φωτός
1143 2402 1200 2468 κατ’
1214 2406 1275 2487 τῆς
1288 2406 1339 2468 δε-

235 2511 368 2595 όομόνης
390 2513 477 2598 αύτῷ
500 2508 618 2574 θεόθεν
638 2511 702 2574 τεόν
730 2504 899 2592 όρωμόνων
927 2506 1146 2589 κατανοησεςος
1166 2503 1242 2568 σι’να
1264 2506 1340 2569 τοῦ-

234 2630 310 2691 ror,
331 2611 385 2677 τόν
406 2607 528 2695 πατρός
539 2608 596 2675 ε’πό
613 2608 664 2677 σοι’
676 2611 791 2696 πρᾶξιν
809 2609 961 2695 εἰληφότα
980 2606 1034 2673 κατ’
1051 2605 1214 2695 νόμην-κατ’
1233 2606 1340 2691 πρόγ-

235 2928 302 2983 rege
319 2913 470 2967 mandatum
489 2913 647 2979 deferretur,
667 2915 730 2983 quid
749 2916 777 2966 in
796 2930 857 2966 eum
874 2914 1023 2966 laciendum
1039 2920 1127 2979 esset,
1156 2914 1273 2969 iubens:
1291 2915 1339 2968 sed

235 2986 324 3039 delata
343 2993 384 3039 est
403 2986 540 3038 nonnullis
558 2986 652 3038 diebus
670 2996 733 3053 post
748 2987 864 3038 omniurn
887 2985 1071 3038 crudelissima
1097 2994 1125 3037 et
1147 2987 1339 3040 immanissima

236 3068 330 3111 eontra
349 3073 418 3122 eum,
438 3059 484 3125 qui
501 3056 567 3109 talia
583 3073 729 3125 perpessus
748 3066 814 3122 erat,
833 3056 996 3122 declaratio,
1023 3058 1175 3123 imperans,
1206 3068 1238 3110 ut
1265 3059 1338 3110 oculi

192 3145 196 3149 ·
235 3130 314 3183 huius
334 3128 467 3196 extemplo
495 3129 683 3181 effoderentur.

337 3217 406 3281 Quid
425 3231 540 3280 censes,
569 3230 651 3267 orex
674 3225 700 3267 et
726 3217 771 3284 qui
793 3224 880 3267 tecum
899 3217 1008 3283 impium
1027 3215 1168 3267 consilium
1190 3224 1336 3282 pararunt:

236 3288 350 3340 hominis
368 3286 460 3350 oculi,
492 3288 537 3355 qui
556 3287 625 3338 nihil
654 3288 747 3340 iniusti
766 3287 894 3351 iecisset,
924 3288 973 3340 sed
989 3303 1063 3340 suam
1084 3288 1167 3338 vitam
1186 3301 1236 3353 pro
1267 3288 1336 3338 omui
1385 3294 1391 3299 '

180 3393 183 3401 ι
237 3360 398 3413 Graecorum
420 3358 526 3410 fortuna
544 3359 623 3426 idque
642 3360 833 3411 inimicissimis
852 3358 960 3425 populis
991 3359 1161 3426 opposuisset
1185 3374 1245 3409 curn
1265 3360 1335 3410 lirrno

238 3433 373 3493 exercitu3
394 3442 454 3481 cum·
472 3430 498 3481 ei
516 3428 621 3494 liceret,
642 3431 700 3482 sine
719 3429 840 3496 periculo
859 3431 887 3479 in
904 3431 981 3498 regia
1007 3446 1135 3493 manere,
1161 3438 1189 3480 et
1208 3430 1335 3483 militares

236 3502 342 3555 labores
363 3510 390 3553 et
410 3501 535 3552 horrores
555 3508 690 3565 excutere,
709 3501 794 3565 illius,
813 3501 888 3552 cuius
910 3502 988 3553 etiam
1006 3503 1132 3554 virtutem
1157 3501 1244 3554 hostis
1263 3503 1336 3554 veri-

236 3582 278 3631 tus
300 3589 359 3625 euru
379 3572 517 3639 amplexus
538 3580 579 3624 cst
599 3572 716 3641 sincere,
736 3580 763 3623 et
781 3587 919 3623 sermones
941 3580 968 3623 et
983 3588 1100 3623 mensam
1118 3580 1149 3621 ut
1168 3589 1229 3624 cum
1257 3575 1335 3625 matre

228 3646 453 3708 communicarit,
473 3652 500 3695 et
517 3644 595 3713 regni
615 3652 766 3695 consortem
785 3644 918 3709 captivum
938 3644 1061 3707 reddidit,
1082 3650 1109 3695 et
1126 3652 1252 3711 tanquam
1279 3660 1336 3695 me-

237 3717 311 3767 dicus
330 3717 415 3768 honus
433 3715 591 3767 medicinam
611 3713 720 3767 dolores
744 3714 890 3765 lenientem
914 3713 980 3766 tolia
998 3715 1093 3767 solatia
1111 3717 1245 3767 aestuanti
1262 3731 1336 3767 moe-

158 3815 166 3823 ·
237 3798 299 3835 rore
316 3787 451 3853 imposuit,
471 3788 509 3838 ita
526 3794 555 3837 ut
583 3787 642 3837 iure
667 3780 807 3836 victoriam
831 3786 881 3837 deo
909 3788 1027 3853 praemia
1054 3787 1216 3853 disponente
1242 3802 1336 3854 repor-

238 3862 309 3908 tasse
330 3857 449 3910 sultauus
469 3867 656 3927 cognoscatur,
675 3856 737 3907 talis
753 3856 904 3909 declaratus
924 3858 1013 3922 homo,
1034 3865 1061 3908 et
1088 3864 1187 3910 tantam
1217 3860 1336 3927 gravita-

237 3934 290 3977 tem
308 3929 404 3979 mentis
424 3935 450 3979 et
462 3930 609 3995 patientiae
629 3936 775 3982 ostentans.
795 3936 825 3980 tu
840 3943 917 3992 vero,
939 3930 1002 3997 quid
1016 3929 1143 3995 imperas,
1162 3946 1222 3994 rex,
1239 3937 1269 3980 ut
1280 3930 1336 3995 pri.

237 4005 317 4049 vetur
337 4005 364 4047 et
377 3998 436 4063 ipso
457 4000 515 4051 viro
537 4009 563 4052 et
583 4001 641 4053 data
661 4001 687 4051 oi
706 4001 834 4053 divinitus
852 4000 1001 4051 ridentium
1020 4002 1192 4068 cognitione,
1206 4001 1251 4052 liic
1270 4014 1335 4068 qna.

238 4067 288 4121 list
308 4068 354 4137 qui
372 4069 454 4135 patris
475 4078 521 4121 tuo
532 4086 600 4124 aevo
621 4074 759 4139 negotium
779 4072 929 4138 susceperit
947 4080 974 4123 et
993 4072 1057 4140 lege
1075 4082 1102 4125 et
1120 4072 1202 4136 iacto,
1217 4071 1336 4141 quireg-
1397 4095 1401 4138 p

236 4155 299 4193 nuru
318 4140 437 4193 amiserit
459 4148 486 4191 et
507 4141 555 4193 tibi
575 4143 627 4193 lroc
645 4144 809 4208 proiecerit,
840 4142 886 4209 qui
915 4158 949 4197 ex
972 4158 1089 4211 purpura
1111 4144 1233 4197 sordidus
1252 4143 1335 4197 iectus
1399 4155 1401 4208 ι
