2834 4750
540 169 753 241 narnate.
768 169 795 193 ''
899 186 908 232 '.
1131 166 1201 245 {88

46 337 228 399 eoam
245 356 280 399 τε
307 335 362 400 καί
374 337 521 417 μερικαί,
553 337 736 420 κατηγορίαι
770 341 899 422 συχναί,
919 341 1203 428 φισκοσυιηγορίαι

13 441 17 446 “
51 434 232 519 πολλαί,
250 437 308 499 καί
339 436 457 519 θρῆνος
486 434 550 501 τοῖν
570 436 760 520 πασχόντων
790 439 845 500 καί
869 441 1095 526 σκυθρωπότης
1129 435 1202 509 οὔτι

52 533 201 618 μικρά.

183 631 292 704 'Atti
325 638 444 703 τούτων
466 632 550 704 οότοι
569 641 742 720 γινομένων
774 642 831 704 καί
852 643 955 716 κακῶς
974 597 1203 726 διακρινομένων

23 735 253 820 5θεήλατός
273 762 321 814 τις
346 736 423 823 α’ρηιη
447 737 503 822 την
532 735 614 804 ἓαόαν
640 743 832 822 κατέλαβεν·
885 737 915 804 οἱ
935 739 995 827 γὰρ
1019 746 1055 806 ἐκ
1075 751 1201 829 Περσί-

59 839 126 912 δος
173 841 389 923 ἐπιφανέντες
424 844 560 923 Τοῦρκοι
594 850 658 917 τοῖς
684 839 913 922 Ῥωμαϊκοϊς’
899 843 1201 925 επιστρατεόσαντες
1235 847 1240 851 “

58 941 234 1020 θέμασι,
276 943 387 1018 δεινῶς
414 941 679 1024 κατελυμαίνοντο
716 945 773 1005 καί
799 944 966 1029 κατῄκιζσν
998 947 1099 1008 ταῦτα
1131 955 1201 1024 ταῖς

62 1043 261 1122 συνεχέσιν
288 1045 485 1126 ἐπιδρομαῖς.
536 1041 734 1125 σκεψόμενος
762 1046 793 1106 d‘
824 1043 842 1106 i
870 1041 1022 1126 βασιλεός
1052 1047 1203 1129 στρατιὰν

63 1142 207 1206 ἐλάσαι
236 1152 302 1207 κατ’
334 1144 442 1208 oiseis
475 1143 658 1268 ρίξιόλαγον,
686 1145 868 1228 συναφείρει
896 1148 956 1225 μὲν
979 1144 1201 1230 στρατόπεδον,

17 1261 56 1315 10
65 1263 245 1325 νεωτερον
266 1245 302 1310 δὲ
322 1243 448 1320 τοότοις
469 1244 608 1330 ἡγεμόνα
633 1243 857 1329 προβάλλεται.
877 1247 1042 1330 συνίστησι
1064 1249 1093 1309 d’
1112 1248 1203 1335 πότῳ

66 1343 141 1405 καί
161 1367 238 1408 τινα
256 1349 397 1409 Λατῖνον
413 1341 593 1411 Ῥουσέλιον
615 1347 900 1427 ἐπονομαζόμενον,
923 1345 1092 1445 Φρόγγους
1112 1347 1202 1438 αὐτῷ

70 1441 261 1527 παραδοὺς
290 1447 351 1510 τῶν
379 1443 591 1528 τετρακοσίων
621 1447 681 1529 orig
712 1444 855 1531 ἥττονας.
906 1451 939 1511 ἐν
964 1449 1000 1510 δὲ
1019 1450 1063 1534 τῷ
1082 1445 1200 1538 Ἰκονίφ

71 1548 261 1626 γενομένου
292 1547 349 1609 τοῦ
377 1549 614 1630 στρατοπέδου,
647 1572 699 1613 και
733 1552 927 1637 φιλονεικίας
956 1554 1201 1634 συνενεχθειλτης

73 1646 196 1728 τινός,
225 1643 400 1712 ἀποστατεῖ
414 1653 585 1732 τηνικαῦτα
608 1653 780 1736 προφανῶς
802 1643 1030 1730 όῬουσέλιος,
1051 1651 1106 1713 καί
1126 1647 1201 1724 τούς

29 1760 64 1814 15
77 1745 266 1832 Φράγγους
294 1747 489 1833 παραλαβών
517 1747 628 1834 ἑτέραν
651 1749 819 1835 ἐτράπετο,
843 1753 898 1814 καί
923 1747 962 1814 τό
985 1756 1060 1814 καθ’
1084 1743 1201 1814 ἑαυτόν

78 1855 127 1938 τῷ
153 1850 230 1937 ἶτλίφ
262 1849 420 1934 ἐπιτρέπει
448 1852 638 1937 βουλήματι.
689 1851 833 1918 οἷνελθιόν
858 1845 916 1916 οόν
940 1855 985 1925 εἰς
1015 1847 1201 1939 Μελιτηνὴν

80 1950 144 2016 καί
175 1953 329 2036 Τοόρκοις
362 1953 427 2017 τισί
448 1953 615 2037 σοντυχτόν
647 1957 809 2041 οἷριστεόει
832 1955 901 2017 κατ’
924 1953 1044 2033 αόταῖν,
1068 1953 1101 2029 ἐξ
1121 1947 1201 2034 ἐφό-

83 2055 150 2117 δου
174 2051 296 2130 τούτοις
323 2053 529 2119 ἐπεισπεσοίν.
580 2052 617 2120 τό
647 2059 681 2119 δὲ
709 2051 820 2118 λοιπόν
848 2049 934 2119 όίπαν
954 2055 1016 2118 τῶν
1032 2052 1200 2134 Ῥωμαίων

85 2153 310 2238 στρατόπεδον
334 2158 374 2242 τῇ
397 2158 591 2238 Καισαρέων
612 2154 805 2241 μητροπόλει
835 2156 1024 2239 παραβαλόν
1045 2158 1079 2218 ἐν
1098 2151 1200 2244 ταύτῃ

38 2252 148 2332 φατόν
169 2253 299 2337 χάρακα
322 2260 440 2340 τιθησα
470 2253 668 2339 σκεψόμενος
692 2258 727 2321 δὲ
751 2253 767 2319 ό
790 2256 847 2342 την
865 2259 1034 2342 ἠγεμονίαν
1058 2263 1117 2321 τοῦ
1141 2275 1230 2331 tto-f,
1248 2275 1338 2333 2055

86 2357 194 2436 λέμου
208 2345 335 2437 ’ἐπέχων
352 2355 521 2441 (Ἰσαόκιος
536 2352 552 2419 ό
567 2355 733 2440 Κομνηνὸς
755 2350 844 2433 οὗτος
864 2352 919 2445 ἦν)
942 2361 976 2436 ἐξ
994 2355 1114 2445 ἐφόδου
1137 2364 1202 2434 τοῖς
1253 2428 1258 2433 ,

90 2455 250 2532 ἐναντίοις
269 2456 421 2539 Τοόρκοις
441 2466 612 2541 συμμίξαι,
633 2459 745 2549 προῄει
758 2464 816 2541 μὲν
832 2464 885 2546 τῆς
906 2458 1015 2535 νυκτὸς
1033 2458 1112 2539 μετὰ
1129 2460 1201 2539 μοί·

90 2580 154 2641 ρας
178 2556 264 2636 τινός
284 2562 345 2623 τοῦ
365 2562 516 2645 στρατοῦ,
541 2560 713 2646 α’ποτυχιόν
734 2565 770 2628 δὲ
793 2562 847 2647 τῆς
867 2562 1038 2645 ἐπιβουλῆς
1058 2558 1093 2625 τό
1109 2560 1202 2625 ἐναν-

95 2872 142 2925 rel
164 2871 293 2925 universa
312 2873 357 2925 vel
377 2888 409 2926 ex
427 2881 512 2941 parte,
540 2877 581 2928 rei
601 2876 772 2945 frequentes,
791 2875 857 2929 fisco
876 2874 981 2927 addietn
998 2875 1091 2940 multa,
1110 2874 1199 2949 tuctus

94 2944 274 3013 spoliatorum
293 2953 321 2998 et
338 2946 447 3001 tristitia
465 2960 519 3003 non
538 2948 690 3005 mediocris.
1255 2942 1267 2949 “

76 3087 79 3092 ,
198 3032 251 3086 Sed
269 3033 336 3085 haee
355 3050 414 3088 oum
432 3038 470 3087 ita
488 3037 583 3089 flerent
602 3046 629 3089 et
646 3038 718 3090 male
734 3037 942 3102 perficerentur,
962 3036 1052 3086 divina
1072 3034 1201 3101 quaedam

54 3104 56 3108 ’
96 3108 137 3159 ira
156 3107 287 3161 orientem
307 3110 387 3173 cepit.
408 3107 508 3160 'furcae
529 3110 597 3160 enim
618 3124 651 3161 ex
669 3108 778 3162 Perside
800 3115 958 3175 apparentes
977 3113 1116 3173 postquam
1134 3119 1201 3171 pro.

97 3178 201 3229 vineias
212 3176 325 3230 Graecas
343 3182 464 3247 aggressi
483 3189 552 3244 sunt,
572 3180 651 3232 valde
669 3178 842 3248 inquinabant
861 3176 1047 3244 restabantque
1067 3191 1112 3226 eas
1131 3190 1201 3226 eon.

101 3250 181 3300 tinnis
200 3250 406 3303 incursionibus.
444 3268 492 3304 rex
511 3260 599 3303 autem
620 3269 678 3305 cum
697 3252 834 3303 statuisset
858 3257 962 3302 maniam
989 3251 1088 3300 ducere
1108 3254 1201 3298 contra

99 3334 147 3373 eos
166 3329 312 3381 memoratu
331 3323 452 3390 dignam,
482 3325 555 3392 cogit
575 3326 719 3376 exereitum
746 3333 773 3374 et
791 3324 924 3374 iuniorem
943 3320 985 3373 bis
1005 3321 1100 3371 ducem
1118 3334 1199 3385 prae-

98 3392 170 3443 ituit:
191 3394 269 3460 eiqu'o
287 3394 408 3469 adiungit
427 3396 505 3447 etiam
517 3395 637 3452 Latinum
656 3396 802 3464 quendam,
821 3394 959 3447 Ruselium
979 3393 1093 3455 dictum,
1112 3390 1201 3443 Fran.

100 3479 147 3515 eos
167 3464 191 3515 ei
210 3466 317 3518 tradens
336 3462 536 3535 quadringentis
555 3482 610 3519 non
624 3470 719 3519 ruinas.
758 3483 817 3518 eum
836 3474 924 3518 autem
942 3464 1026 3515 iconii
1045 3467 1199 3515 versaretur

101 3537 232 3591 exereitus
253 3545 280 3589 et
298 3537 434 3589 dissidium
455 3539 563 3607 aliquod
582 3548 702 3591 exortum
723 3548 813 3603 esset,
833 3539 923 3590 defieit
940 3545 995 3588 tum
1014 3534 1101 3620 palam
1111 3533 1199 3586 liuse-

99 3609 151 3661 iius
172 3617 198 3659 et
216 3609 333 3662 Francos
352 3610 486 3675 recipiens
506 3609 559 3660 alio
579 3626 608 3661 so
627 3613 709 3663 vertit
728 3619 756 3663 et
773 3626 816 3662 res
837 3625 900 3661 suae
929 3623 1028 3660 exeun
1046 3608 1131 3673 ipsius
1150 3606 1199 3657 ad-

100 3681 230 3733 ministrat
254 3680 403 3733 uoluntate
448 3682 594 3733 ascendens
618 3683 701 3750 igitur
726 3681 872 3735 Melitenen
902 3689 929 3731 et
946 3680 1037 3733 Turcis
1060 3677 1200 3731 nonnullis

102 3766 259 3821 congressas
272 3754 402 3819 superior
420 3753 453 3803 'tis
474 3753 572 3816 evadit,
592 3768 650 3804 oum
669 3754 702 3805 iis
720 3755 805 3819 primo
828 3754 929 3817 impetu
951 3750 1114 3802 obvenisset.
1152 3764 1199 3800 re-

101 3824 188 3891 liquus
207 3832 294 3875 antem
314 3825 397 3876 omnis
418 3827 552 3875 exereitus
566 3825 727 3886 Graecorum
744 3824 835 3875 urbem
854 3823 997 3875 Caesarum
1016 3824 1152 3890 ingressus
1171 3821 1200 3871 in

103 3912 133 3947 ea
152 3894 250 3947 vallum
269 3897 352 3946 iacit:
379 3912 437 3947 cum
463 3904 549 3947 autem
578 3896 716 3947 statuisset
740 3897 785 3961 qui
802 3894 952 3960 imperium
975 3893 1042 3944 belli
1062 3892 1200 3945 obtinebat

104 3968 190 4034 (isaac
210 3967 360 4019 comnenus
380 3967 424 4018 hic
445 3971 515 4036 erat]
536 3966 620 4033 primo
641 3968 740 4033 impetu
759 3965 850 4017 'turcis
877 3966 1038 4017 adversariis
1059 3963 1199 4033 congredi,

104 4037 320 4104 proficiscebatur
339 4048 421 4091 noctu
441 4054 499 4091 oum
525 4045 600 4105 parte
620 4038 730 4106 quadam
752 4039 900 4090 exercitus:
925 4037 1050 4089 aberrans
1077 4044 1164 4088 autem
1182 4048 1200 4084 a

109 4109 216 4165 neuntio
238 4113 398 4167 contrarium
420 4112 518 4179 patitur
544 4109 676 4163 voluntati
695 4124 776 4164 suae:
807 4118 834 4161 et
851 4110 1012 4165 adversariis
1030 4109 1129 4177 paratis
1148 4104 1201 4159 ob·
