2834 4750
210 264 287 350 tls
512 266 731 343 musanus
759 261 1018 358 amauoran

211 451 340 526 πεδιόν,
362 444 422 527 τήν
446 440 585 525 πρόοδον
606 440 708 504 adnot
727 436 942 519 ἐκδεχόμενον.
993 428 1037 508 ὥς
1058 433 1091 495 δ’
1113 425 1338 514 διεφάνησαν

209 546 248 614 τά
273 551 390 627 σημεῖα
421 543 477 606 καί
503 538 730 622 προσεχώρουν
751 533 786 601 αἱ
807 531 1001 617 παρατάξεις
1029 532 1134 596 αὐτοῦ
1146 541 1164 610 ,’
1185 533 1338 612 βαρεῖαν

210 650 468 728 άπαγγὲλλουσαι
488 639 542 724 τήν
567 642 667 703 αδτοῦ
688 638 900 722 ἐπιφοίτησιν,
923 631 980 698 καί
998 633 1038 700 τά
1061 636 1184 714 κε’ρατα
1198 653 1336 692 παντα-

208 748 309 830 χόθεν
336 742 475 828 φοβερόν
496 764 528 804 τι
557 741 612 803 ιἰαἰ
638 734 890 821 καταπληκτικὸν
919 735 1148 831 ἐπεσήμαινον,
1180 733 1335 804 κάκεῖνσς

211 849 246 910 ε’ν
269 844 475 926 παρασήμοις
497 841 585 922 παρὰ
607 841 767 912 πλείστων,
783 835 1063 921 δορυφορούμενος
1085 826 1358 910 κατελάμβανε,5

212 943 415 1020 διατάξαντες
438 945 474 1006 δὲ
495 937 632 1014 {aorosia
653 935 824 1020 στοιχηδὸν
849 935 879 998 οἱ
900 936 981 1018 πρὸς
1000 936 1082 998 δίαν
1100 929 1238 1010 ἐξιόντες
1262 953 1328 992 πο-

211 1052 318 1127 λῖται,
347 1044 379 1107 οἵ
396 1066 430 1107 τε
459 1043 651 1123 στρατιάται
679 1039 739 1111 τας
770 1030 909 1120 άσπίδας
937 1037 1152 1118 προτείνοντες
1189 1031 1248 1093 καί
1266 1027 1326 1102 τάς

213 1141 333 1226 αἰχμάς
360 1145 423 1206 ταῖν
455 1137 560 1206 ὅπλων
581 1137 854 1218 ἒπισνναίροντες,
873 1135 936 1218 ἠχή
958 1157 993 1198 τε
1021 1135 1085 1198 τῶν
1104 1135 1249 1213 βυκίνων
1273 1127 1330 1191 καί

213 1245 276 1308 τοῖν
296 1248 478 1325 σαλπίγγων
499 1241 615 1324 ἐγίνετο
631 1236 686 1302 καί
705 1236 739 1301 τὸ
763 1238 820 1319 τῆς
839 1237 1001 1321 εὐφημίας
1022 1227 1108 1317 ήρδη
1131 1227 1225 1313 παρα
1244 1226 1328 1292 πάν.
1384 1256 1388 1261 ·

214 1368 276 1409 των
301 1340 486 1427 περίοπτον,
511 1337 624 1418 ἔδοξαν
654 1335 684 1401 οἱ
706 1341 834 1408 πλείους
853 1333 912 1417 τήν
935 1335 1116 1418 παρουσίαν
1136 1331 1246 1396 adrat
1265 1334 1367 1408 {lu-tt)

213 1447 326 1518 σιλὲιος
356 1440 506 1522 μεγίστου
545 1439 601 1504 καί
632 1435 854 1502 δυνατωτάτου
891 1434 1129 1500 καθίστασθαι·
1179 1432 1330 1502 κάκεῑνος

212 1542 363 1624 ὑπεράνω
384 1537 500 1614 παντός
529 1539 624 1623 λόγου
646 1537 760 1604 ἑαυτὸν
784 1538 1014 1619 λογισάμενος,
1047 1529 1165 1616 μεστάς
1186 1531 1330 1595 ἐλπίδων

214 1638 270 1706 καί
289 1638 478 1724 αὐχήματος
509 1642 555 1714 εἰς
575 1637 632 1721 τήν
654 1639 860 1720 ἐνεγκαμένην
891 1633 986 1700 αὐτὸν
1009 1631 1200 1717 εἰσελήλυθε
1220 1627 1328 1694 πάλιν.

213 1736 296 1826 ἦσαν
320 1742 497 1821 δὲταῦτα,
524 1735 567 1816 οἷς
593 1735 727 1822 ὕστερον
745 1735 781 1801 τὸ
811 1741 943 1819 πρᾶγμα
969 1733 1024 1801 τάν
1045 1732 1176 1817 ἔλεγχον
1194 1733 1330 1813 δέδωκε,

214 1839 360 1927 πιθήκων
387 1835 408 1925 ή
430 1837 573 1925 γεράνων
605 1838 777 1923 ὁρμήματά
805 1841 860 1902 καί
882 1837 1114 1917 νεανιεύματα·
1157 1829 1245 1898 ἔνθα
1267 1832 1327 1916 γάρ
1336 1865 1364 1917 15

215 1944 292 2021 θεός
313 1943 352 2006 οὐ
375 1946 566 2008 συνευδοκεῖ
582 1942 638 2006 καί
657 1941 836 2026 ψηφίζεται
843 1987 854 2020 ,
876 1940 931 2003 καί
948 1941 1063 2022 πρᾶξις
1084 1936 1257 2019 saltuatim,
1276 1934 1330 1996 καί

145 2077 150 2086 ·
214 2048 371 2130 θεοφιλής
393 2040 520 2108 διάνοια
535 2045 593 2126 τῆν
614 2036 742 2106 ἄνωθεν
761 2041 819 2104 oris
835 2044 1012 2106 ἐκκαλεῖται
1030 2039 1197 2123 βοήθειαν,
1219 2039 1326 2122 φροά·
1402 2106 1403 2115 2

218 2147 276 2231 δον
298 2140 384 2208 ἅπαν
405 2147 460 2208 καί
484 2145 619 2220 α’σδενὲς
646 2139 681 2206 τὸ
704 2145 780 2225 παρ’
804 2141 985 2224 ἀνθρώπων
1003 2140 1178 2223 γενόμενον.
1402 2148 1403 2189 l

315 2247 362 2308 Ἐν
384 2247 419 2307 δὲ
441 2247 481 2332 τῇ
499 2245 678 2331 Ῥαιδεστῷ,
702 2240 846 2335 πρόὶτοῦ
860 2243 916 2307 τὸν
933 2230 1108 2324 Βρυίνάιον
1127 2245 1324 2321 καταλαβεῖν

214 2346 261 2421 εἰς
288 2341 568 2428 Ἀδριανοίνιολιν,
600 2341 854 2428 ἐπικρατησάσής
882 2344 939 2425 τῆς
966 2339 1161 2425 Βοτατζίνης
1196 2341 1361 2424 (ε’διχο-ςρ

214 2444 310 2510 νόουν
342 2448 402 2529 γάρ
425 2469 508 2519 τινες
534 2444 615 2528 πρός
633 2443 690 2528 τήν
709 2445 811 2508 αάτοῦ
829 2446 1042 2528 ἐπιχειρήσει)
1075 2439 1323 2525 α’νήγορτάθήδ

214 2550 398 2630 Βρυέννιος.
440 2550 496 2610 καί
510 2533 642 2628 ,πρῶτον
661 2542 754 2628 ἔργον
782 2552 848 2619 τοῖς
866 2547 1033 2627 ἐγχωρίοις
1054 2544 1178 2625 ἐγένετο
1200 2538 1237 2605 το“
1262 2565 1322 2604 κοι-

138 2680 148 2695 =
215 2649 322 2710 θελεῖν
351 2646 406 2711 καί
425 2651 618 2728 καταβαλεῖν
651 2647 697 2720 εἷς
715 2648 773 2729 γῆν
799 2642 833 2710 ιδ
859 2642 964 2710 κοινόν
994 2640 1143 2727 α’τόπημα
1165 2642 1224 2706 καί
1246 2642 1320 2706 α’δί-
1402 2655 1404 2738 l

192 2872 195 2876 .
288 2819 480 2875 aomo
568 2858 570 2861 -
702 2903 706 2913 ι
812 2789 814 2792 ’
901 2844 997 2866 ι.
1402 2815 1403 2844 ¹

216 2988 294 3056 signa
314 2993 341 3037 et
355 2984 518 3037 accedebant
535 2986 643 3039 ordines
661 2986 719 3038 eius
739 3000 849 3054 gravem
868 2987 1020 3037 nuntiantes
1042 2986 1186 3039 adventurn
1209 2994 1236 3037 et
1254 3002 1318 3039 eor.

216 3074 270 3111 uua
283 3059 399 3126 undique
421 3056 620 3109 formidolosum
644 3073 739 3109 sonum
761 3064 788 3107 et
811 3056 958 3118 terribilem
976 3057 1120 3123 canebant,
1142 3065 1169 3108 et
1189 3057 1239 3110 ille
1259 3075 1317 3109 cum

215 3130 366 3197 insignibus
387 3145 402 3179 a
421 3128 542 3195 plurimis
561 3129 739 3181 circumdatus
757 3129 882 3191 advenit,
908 3136 934 3179 et
958 3145 988 3181 se
1015 3128 1194 3195 disponebant
1218 3145 1317 3180 secun.

216 3202 278 3253 dum
297 3202 404 3252 ordines
428 3201 473 3267 qui
497 3201 529 3251 ad
548 3199 720 3266 spectandum
746 3201 867 3250 exierant
886 3201 961 3251 cives
986 3208 1013 3251 et
1038 3200 1138 3252 milites
1157 3208 1232 3251 scuta
1251 3216 1316 3267 pro.

215 3271 362 3323 tendebant
398 3278 436 3335 et·
455 3271 577 3337 cuspides
613 3284 744 3321 armorum
769 3269 914 3332 tollebant,
947 3278 973 3321 et
1005 3271 1115 3339 clangor
1146 3271 1316 3323 buccinarum

218 3352 246 3393 et
263 3343 385 3393 tubarum
404 3342 554 3403 oriebatur,
575 3349 602 3393 et
626 3340 796 3393 salutationis
819 3341 919 3392 clamor
944 3341 1063 3394 sublatus
1084 3351 1125 3394 est
1144 3342 1176 3393 ab
1197 3344 1315 3394 omnibus

217 3413 315 3477 clarus,
335 3420 461 3479 putarunt
478 3409 584 3477 plurimi
604 3413 782 3478 praesentiam
802 3413 858 3463 eius
877 3413 950 3479 regis
967 3415 1074 3465 maximi
1093 3423 1121 3466 et
1139 3416 1315 3479 potentissimi

217 3486 326 3539 adesse:
358 3491 438 3551 atque
462 3481 511 3534 ille
530 3497 610 3548 supra
628 3496 733 3533 omnem
753 3497 903 3535 sermonem
926 3499 957 3533 se
975 3486 1133 3550 aestimans,
1153 3484 1251 3551 plenus
1269 3501 1314 3551 spe

218 3565 246 3607 et
266 3554 392 3621 superbia
420 3554 448 3603 in
467 3553 559 3605 urbem
577 3569 646 3621 quae
677 3570 736 3604 eum
754 3554 862 3617 tulerat,
892 3556 1029 3622 ingressus
1049 3565 1097 3607 est.
1131 3565 1214 3607 ‘erant
1231 3565 1313 3607 autem

166 3650 174 3665 ν
215 3627 294 3691 baec,
314 3632 456 3692 ut'postea
474 3640 517 3676 res
537 3626 596 3692 ipsa
615 3625 802 3676 documentum
819 3626 906 3689 dedit,
926 3628 1063 3678 simiorum
1091 3626 1137 3678 vel
1156 3643 1253 3695 gruum
1271 3629 1312 3677 in-

217 3706 295 3765 cepta
317 3706 344 3748 et
362 3696 494 3748 iuvenilia
514 3696 592 3747 facta.
630 3698 675 3747 ubi
696 3698 766 3747 enim
785 3698 848 3748 deus
875 3711 929 3748 non
950 3701 1095 3750 assentitur
1115 3707 1142 3748 et
1158 3699 1313 3767 suffragatur

217 3777 244 3819 et
262 3785 306 3821 res
323 3770 430 3821 sincera
450 3775 476 3819 et
494 3768 544 3818 deo
564 3774 666 3836 gratum
692 3767 835 3820 consilium
859 3784 975 3835 superne
994 3784 1047 3821 non
1077 3771 1221 3836 impetrant
1239 3770 1313 3821 auxi-

215 3838 297 3905 lium,
317 3841 407 3891 iuania
427 3840 515 3890 omnia
535 3846 561 3890 et
579 3840 682 3891 infirma
701 3846 765 3891 sunt
782 3856 850 3907 quae
866 3840 899 3891 ab
919 3841 1069 3893 bominibus
1088 3841 1163 3892 liunt.

315 3937 440 3989 Raodesti
461 3945 547 3987 autem
567 3953 635 4000 oum,
656 3946 796 4005 antequam
816 3937 967 4003 Bryennius
984 3937 1179 4003 Adrianopolin
1198 3939 1314 4001 intrarit,

214 4008 359 4070 imperaret
376 4008 517 4059 Batatzina
537 4009 744 4075 (dissentiebant
763 4009 834 4060 enirn
851 4009 978 4061 nonnulli
993 4010 1030 4061 de
1050 4011 1108 4061 eius
1126 4011 1251 4079 incepto)
1268 4026 1312 4061 re.

215 4075 352 4129 nuntiatus
374 4086 414 4129 est
431 4077 582 4141 Rryennius
603 4088 630 4131 et
647 4083 760 4146 primurn
779 4081 876 4133 iactum
894 4080 992 4135 incolis
1014 4082 1073 4146 luit,
1095 4089 1125 4132 ut
1141 4079 1270 4132 tollerent
1286 4090 1311 4131 et

216 4148 366 4201 deiicerent
391 4146 527 4214 publicum
547 4148 635 4201 scelus
655 4160 681 4202 et
705 4153 830 4205 iniuriam
849 4160 875 4204 et
893 4152 1050 4223 logothetae
1075 4152 1151 4206 triste
1171 4154 1310 4221 cogitatum
