2834 4750
531 267 741 377 emmau.
788 327 791 336 ,
1111 264 1186 338 eto

24 432 177 514 μικροῦ
200 432 289 497 δεῖν
301 431 521 497 ἐκινδύνευσεν
533 427 638 515 εόρεῖν
650 429 706 515 τήν
719 430 888 515 όπόβασιν,
900 434 1192 517 ἀποκηρυττόμενος
1227 444 1234 459 ’

26 533 98 595 καί
122 527 237 612 παρὰ
266 534 331 597 τεόν
351 536 506 597 πλείστων
532 536 787 615 συλλειτουρμοῖν
804 531 859 595 καί
879 531 1054 615 ἀρχιερέων
1070 526 1115 608 σός
1134 534 1191 617 τῆς
1200 534 1220 589 i.
1237 533 1291 593 229
1299 549 1323 592 r.

27 637 112 710 μετ’
140 630 279 697 adeam
309 631 471 707 κοινωνίας
493 633 621 712 όνόξισς
648 632 701 697 διό
737 630 772 696 τό
799 642 863 711 τοῖς
885 642 1047 715 κεσμικοῖς
1068 658 1187 719 προσο-

29 737 163 809 μιλεῖν
205 733 430 819 ἀγριώτερον,
465 732 518 797 καί
544 733 687 815 θεσμοός
708 738 853 817 πατέρων
888 732 942 797 καί
963 732 1188 814 α’ποστολικοός

4 832 201 904 5οἶθετεῖν
241 834 397 914 κανόνας,
427 834 481 897 καί
507 836 627 919 μυρίαν
656 838 702 921 τῷ
722 838 782 921 βίῳ
813 832 867 898 καί
884 835 950 909 τοίς
971 834 1117 913 εόαγέσιυ
1142 831 1190 898 οἴ-

35 955 119 1007 κοις
158 936 229 997 καί
262 938 362 1008 θείοις
383 935 547 1018 ἐπιφέρειν
572 934 627 1016 τη“ν
657 934 837 1020 συμφοράν.
880 938 935 999 καί
962 938 992 999 εἰ
1020 934 1066 1017 μη
1096 938 1190 999 κατέ-

41 1040 137 1095 λυσε
179 1030 227 1097 τὰ
263 1036 396 1098 τοιαῦτα
425 1030 541 1097 τούτου
562 1031 742 1116 ἐγκλήματα
776 1032 886 1099 ότότε
918 1038 1043 1117 κρατεῖν
1064 1032 1189 1116 αἰτήσει

40 1135 86 1220 τῇ
111 1130 209 1216 πρός
235 1131 313 1209 τοός
335 1134 497 1226 όρχιερεῖς
519 1131 575 1199 καί
593 1140 759 1219 μεγίσταις
778 1144 846 1210 ταῖς
870 1134 1030 1215 α’ξιοόσεσι,
1052 1134 1106 1197 καί
1127 1134 1188 1197 αό-

43 1234 106 1307 τὸς
130 1236 317 1316 φυγαδιάς
338 1236 373 1298 ἐκ
389 1237 445 1317 τῆς
467 1237 616 1319 κοσμικῆς
637 1240 824 1311 κακοποιίας
840 1235 894 1299 καί
910 1239 968 1299 rod
982 1232 1100 1319 θρόνου
1124 1236 1188 1299 τοῖν

4 1337 189 1403 toi-adnuis
215 1336 372 1417 ἐγεγόνει,
404 1328 463 1399 κόίν
484 1336 582 1401 ἔκειτο
603 1342 821 1425 καθηρημὲνος
850 1340 905 1400 καί
928 1342 1029 1423 σπίληι
1060 1334 1187 1415 ἀτιμίας
1237 1339 1240 1347 ’

48 1434 381 1517 καταχραινόμενος.
426 1438 507 1501 ditet
532 1437 588 1502 καί
605 1432 730 1513 τόςοόκ
752 1432 861 1522 ἤνεγκε
883 1435 916 1503 τό
942 1439 1004 1521 πῦρ
1030 1434 1046 1500 ό
1066 1435 1183 1519 κηρός·

51 1534 116 1616 καί
141 1537 215 1599 τοῦ
239 1541 450 1621 φιλοχρίστου
467 1542 625 1619 βασιλέως
649 1541 899 1623 ἐπιδημήσαντος
923 1542 1021 1625 φρίκη
1044 1535 1186 1601 θανάτου

54 1632 119 1696 καί
145 1635 306 1709 διάλυσις
333 1640 388 1718 τῆς
409 1625 491 1721 ζωῆς
511 1638 597 1724 αὕτη]
622 1642 808 1721 ἐπεγένετο,
830 1642 905 1721 περί
925 1637 1033 1703 τὸτοῦ
1055 1636 1185 1703 Πόντου

56 1728 194 1814 στόμα,
217 1732 298 1828 ἔνθα
319 1761 348 1800 τι
373 1733 530 1821 φρούριον
556 1735 642 1802 ἐστιν
673 1738 794 1819 σίτίμων
820 1740 944 1822 α’νδροόν
973 1738 1070 1804 κακόν
1092 1734 1186 1803 ἐνεό-

11 1852 157 1920 15φιον,
180 1833 244 1919 την
261 1838 361 1901 ἐκεῖσε
379 1838 606 1923 καταστροφὴν
628 1841 854 1921 κομισάμενος,
883 1840 926 1913 τός
948 1840 1002 1903 καί
1021 1838 1078 1920 τὴν
1100 1836 1186 1903 κόνιν

61 1942 182 2007 adseri
210 1937 282 2003 όντί
309 1941 505 2019 ἐπιτυμβίων
531 1940 615 2021 χυτόν
652 1948 719 2014 τοῖς
747 1936 850 2013 λίθοις
872 1940 1095 2023 [ότιμασθῆναι
1125 1940 1187 2003 τόν

63 2039 261 2123 μισούντων
293 2040 395 2103 edroi
425 2037 461 2102 τό
495 2040 660 2123 κακόηθες.
719 2041 786 2103 ἀλλ’
812 2038 828 2101 ό
853 2038 1057 2124 φιλόχριστσς
1079 2036 1188 2103 οότοσί

65 2138 250 2221 βασιλεύς,
283 2137 394 2223 πόρρω
422 2142 478 2223 τήν
498 2142 555 2204 τοῦ
576 2138 686 2222 προόην
707 2136 953 2221 βασιλεύσαντος
982 2142 1187 2225 μικρολογίαν
1217 2182 1228 2194 -

70 2236 342 2320 ἐκτιναξάμενος,
367 2238 423 2303 καί
457 2242 524 2304 δεῖν
557 2237 777 2305 όποδεδόσθαι
806 2237 843 2305 τό
872 2243 927 2303 τοῦ
950 2240 1030 2304 θεοῦ
1059 2240 1100 2327 τῷ
1121 2241 1188 2325 θεῷ

22 2354 60 2409 20
70 2341 231 2419 ἐπειπών,
253 2342 308 2405 καί
327 2340 488 2426 μηδεμίαν
509 2337 611 2428 φειδώ
630 2340 685 2406 τοῦ
709 2342 863 2426 δημοσίου
889 2340 1018 2422 κοίτης
1039 2362 1189 2404 κατεπει-

71 2444 199 2528 γούσης
233 2441 346 2524 χρείας
374 2439 567 2528 προσφόρως
599 2446 755 2524 θέμενος,
788 2436 805 2505 ό
838 2445 893 2506 καί
918 2439 1187 2519 ἐξιεπαιντότατσν

75 2546 203 2628 πολλῆς
226 2545 281 2626 τῆς
304 2545 338 2606 ἐκ
359 2540 478 2607 κου’των
498 2545 696 2627 ἐνορωμὲνης
709 2539 880 2628 προσόδου,
903 2533 1108 2626 τίποκαθιστᾷ
1130 2537 1187 2617 τός
1244 2565 1252 2579 ·

75 2641 234 2717 τοιαότας
261 2642 439 2726 παραλίους
465 2641 585 2719 σκόλας
619 2651 682 2719 τοῖς
715 2643 825 2728 πρωην
860 2640 1045 2722 δεσπόταις,
1081 2644 1113 2716 ἐξ
1144 2628 1188 2703 ὧν

76 2737 363 2827 ἐπεσπάσθησαν,
396 2743 450 2808 καί
471 2743 699 2832 χρυοσβοόλλιρ
726 2745 836 2830 γραφῇ
862 2743 897 2809 τό
917 2745 1115 2825 α’μετόθττον
1133 2743 1207 2803 καί

37 2843 336 2930 οῡοῖπερτκτόπητον
360 2841 477 2909 τοότων
499 2847 608 2921 adroic
629 2847 772 2926 ἐμπεδσῖ,
794 2842 848 2910 καί
866 2849 985 2927 γίνεται
1008 2845 1087 2908 πόσι
1109 2846 1187 2926 βοη-

83 3177 114 3213 se
134 3157 317 3226 coniungebat
335 3157 463 3209 furiosius
485 3164 513 3209 et
535 3157 612 3226 leges
642 3165 745 3224 patrum
775 3163 855 3225 atque
874 3157 1057 3223 apostolorum
1075 3153 1189 3208 tollebat

86 3245 215 3300 canones,
233 3238 263 3281 'et
280 3231 376 3298 iugens
396 3230 470 3280 vitae
489 3235 516 3280 et
533 3231 586 3295 piis
608 3230 738 3281 aedificiis
767 3235 794 3280 et
811 3229 910 3281 divinis
928 3229 1057 3280 afferebat
1074 3228 1188 3281 maturus

87 3312 169 3371 atque
187 3301 240 3352 nisi
269 3300 397 3352 solvisset
414 3299 479 3351 talia
497 3300 576 3351 huius
601 3301 698 3367 probra
724 3302 769 3368 qui
793 3308 848 3351 turn
866 3299 1050 3352 dominabatur
1068 3299 1189 3367 rogando

86 3373 241 3428 sacerdotes
260 3387 375 3424 summos
389 3378 415 3423 et
429 3373 549 3425 maximis
564 3370 748 3440 dignitatibus,
769 3379 795 3423 et
813 3374 871 3438 ipse
891 3371 968 3424 exsul
982 3379 1106 3424 terrenae
1125 3385 1189 3438 pra.

86 3444 179 3497 vitatis
199 3449 226 3492 et
242 3442 332 3494 throni
350 3441 414 3494 laici
434 3443 519 3494 iaetus
540 3452 622 3507 esset,
642 3451 669 3494 et
687 3444 788 3494 iuoeret
806 3443 925 3495 sublatus
944 3453 971 3496 et
989 3459 1052 3496 saxo
1072 3442 1190 3512 ignomi-

88 3519 150 3567 niae
169 3514 337 3579 iuquiuatuse
356 3515 404 3565 sed
424 3514 469 3566 vei
490 3516 601 3583 aionon
620 3514 681 3566 tulit
698 3515 788 3581 iguem
805 3524 989 3583 oerazatque
1013 3529 1072 3566 cum
1091 3513 1190 3566 Christi

88 3598 178 3639 amans
197 3599 246 3634 rex
263 3585 412 3649 adveniret,
431 3585 528 3636 horror
545 3587 637 3637 mortis
659 3593 686 3636 et
704 3583 846 3637 dissolutio
867 3587 940 3637 vitae
960 3586 985 3637 ei
1004 3587 1110 3649 accidit,
1130 3597 1189 3636 cum

90 3659 160 3709 eirca
178 3655 259 3706 maris
278 3668 334 3719 ora,
353 3655 398 3706 ubi
417 3656 557 3707 castellum
576 3631 685 3725 aiiqrssd
704 3664 745 3708 est
763 3658 877 3724 turpium
897 3658 1031 3710 hominum
1051 3670 1190 3708 commune

91 3727 252 3796 sepulcrum,
271 3725 372 3777 obitum
403 3727 500 3778 ferret:
519 3728 556 3779 ita
574 3736 604 3778 ut
623 3729 701 3779 etiam
729 3729 796 3780 cinis
817 3729 874 3780 eius
894 3743 942 3795 pro
962 3728 1067 3781 inferiis
1087 3727 1200 3797 lapidi..

90 3801 138 3852 bus
156 3797 347 3851 dehonestatus
364 3799 399 3848 sit
419 3811 520 3861 eorum,
539 3800 585 3866 qui
604 3801 662 3850 eius
682 3801 840 3864 pravitatem
867 3800 994 3851 odissent.
1031 3799 1083 3851 sed·
1100 3798 1188 3853 chrisi

93 3887 178 3922 amans
198 3869 241 3920 hio
260 3883 318 3932 rex,
337 3868 418 3936 longe
437 3870 583 3935 superioris
601 3872 675 3937 regis
695 3870 870 3922 humilitatem
890 3872 1038 3934 excutiens,
1059 3877 1084 3921 et
1104 3883 1189 3936 opor-

95 3952 147 3993 tere
167 3941 241 3993 reddi
260 3955 329 4007 quae
348 3940 390 3990 dei
411 3948 510 4003 essent,
530 3941 580 3991 deo
599 3941 775 4008 pronuntians
792 3957 880 4008 neque
900 3941 981 3992 uliam
1002 3942 1188 4008 parsimoniam

22 4069 26 4078 Ι
95 4015 185 4065 aerarii
206 4020 233 4063 et
251 4011 395 4079 prementis
414 4027 478 4063 usus
497 4011 589 4072 utilem
609 4019 722 4078 putans,
741 4013 767 4062 id
787 4013 857 4080 quod
883 4010 961 4064 etia'm
979 4015 1091 4067 maxime
1110 4012 1188 4065 laude

98 4087 209 4152 dignum,
230 4100 288 4135 cum
308 4098 419 4152 magnus
439 4099 473 4134 ex
494 4083 535 4136 hie
553 4085 697 4151 app'areret
715 4085 825 4149 reditus,
844 4085 960 4137 restituit
981 4084 1028 4136 has
1046 4086 1189 4136 maritimas

99 4155 178 4209 serlus
198 4154 332 4223 prioribus
351 4155 476 4220 dominis,
505 4154 600 4224 quibus
626 4155 730 4209 demtae
751 4163 846 4221 erant,
868 4163 894 4208 et
909 4155 1085 4224 imperatoriis
1104 4154 1190 4210 literis
