2834 4750
267 249 337 322 102
544 248 763 318 suemus
796 249 1057 316 amatoriis

264 413 408 496 Ἰωάννην
426 411 487 476 τὸν
522 409 687 493 Καάταρα.
737 400 855 495 ἤρξατο
883 409 944 494 γάρ
967 411 1082 474 αδτίκα
1111 411 1146 473 έν
1167 411 1288 486 αάτοῖς
1316 415 1376 483 τοϊς

263 516 431 588 πολιτικοῖς
453 513 648 596 διατάγμασι
665 511 721 576 καί
740 516 804 576 τάν
818 507 1066 595 παρατυχόντων
1086 512 1303 593 στρατιωτῶν
1317 516 1377 584 τοῖς

261 612 498 698 έπισημοτέροις
522 622 729 696 συνομιλεῖν,
758 618 814 677 καί
833 612 906 696 περί
935 614 1111 693 πολεμικῶν
1135 609 1274 692 άγοάνοον
1299 615 1377 690 βοο-

216 699 230 716 ”
261 713 434 793 λούεσθαι,
468 718 522 778 καί
547 711 746 797 πρεσβευτάς
767 709 964 793 ἑτοιμάζειν,
992 713 1047 774 καί
1076 711 1293 793 πανταχόθεν
1316 718 1376 783 τοῖς

262 812 414 886 έναντίοις
438 815 627 878 διακωλύειν
649 811 708 889 τάς
729 812 918 897 προσβολάς.
932 809 994 877 ,διά
1017 809 1120 876 ταδτά
1135 833 1184 874 τοι
1210 812 1271 874 καί
1290 806 1394 891 lod-5

258 935 311 988 νος
331 902 400 978 σάτι
421 913 539 1002 συχνάς
562 919 696 998 κατέσχε
713 919 825 981 τοῦτον
854 913 900 990 εἰς
921 911 960 976 τά
984 916 1148 993 βασίλεια,
1173 910 1263 975 άλλά
1289 908 1374 990 μετά

258 1011 362 1118 διττην
383 1019 550 1136 σεληναιάν
571 1015 716 1135 περίοδον
746 1015 766 1099 ἦ
792 1019 847 1098 τῆς
867 1009 948 1090 ἐάας
974 1014 1086 1078 τοῦτον
1115 1015 1251 1092 ἐδέξατο
1275 1016 1373 1096 Πρα.

257 1114 373 1195 ποντίς,
394 1140 446 1179 και
467 1117 505 1178 τὸ
531 1115 721 1230 παράσημον
747 1119 802 1200 τῆς
823 1117 990 1232 βασιλικῆς
1021 1118 1135 1199 σκηνῆς
1156 1115 1262 1198 πᾶσιν
1287 1107 1374 1193 ομοά

257 1214 476 1298 παρεστήσατο
510 1211 566 1316 την
597 1217 750 1296 βασιλίδα
781 1212 858 1298 πρὸς
887 1214 943 1298 την
962 1211 1047 1278 ἓιάαν
1080 1215 1293 1332 έκστρατειαν
1320 1214 1372 1273 καί

257 1305 481 1399 άποφοίτησιν,
508 1339 560 1380 και
582 1316 599 1376 ά
625 1318 776 1398 ζηλος
738 1343 792 1399 της
806 1313 943 1393 ἐκδικίας
967 1318 1107 1398 νενίκηκε
1126 1339 1186 1433 την
1204 1313 1291 1378 κατά
1315 1312 1399 1393 τηνιδ

253 1412 405 1497 βασιλίδα
428 1414 555 1501 τροφήν
579 1441 611 1482 τε
633 1441 685 1480 και
683 1420 877 1501 θυμηδίαν,
900 1441 952 1480 και
974 1414 1009 1479 rt
1025 1413 1105 1480 κατά
1126 1413 1183 1489 τάς
1207 1415 1368 1499 προάδοος

252 1517 369 1596 μέχρις
392 1514 530 1599 οάρανοῦ
552 1515 678 1602 φθάζον
701 1522 789 1592 κλέος
814 1514 1002 1600 καίρπάνονς
1023 1515 1145 1580 τούτων
1166 1518 1366 1578 άντικατολ-

255 1614 414 1690 λάξεσθαι
437 1614 492 1680 τὸν
513 1619 689 1699 κρατοῦντα
712 1621 911 1701 παρέπεισεν.
936 1612 955 1680 δ
978 1617 1032 1680 καί
1046 1614 1165 1692 πάντας
1179 1621 1367 1700 κατέπληξε,

163 1749 166 1756 ·
254 1711 474 1795 συμβαλόντας
488 1710 537 1781 άτι
549 1717 594 1790 εἰς
608 1715 643 1782 τά
660 1708 879 1800 διατάξασθαι
894 1719 991 1798 μόνον
1005 1717 1063 1801 την
1077 1721 1131 1802 τῆς
1151 1723 1363 1802 ἐκστρατείας

254 1816 459 1902 παρασκευὴν
482 1819 537 1882 καί
556 1819 735 1906 άποσκευην
755 1823 828 1886 οὐδὲ
848 1823 947 1903 τριοδν
971 1815 1054 1885 ὅλων
1068 1819 1230 1905 διάστημα
1253 1822 1397 1906 μηνάι15

254 1918 387 1996 ἐξαρκεῖ.
432 1915 449 1980 ὃ
473 1923 508 1985 δὲ
530 1923 684 2005 νεοραγης
704 1921 838 2006 γεγονώς
861 1923 899 1987 τά
924 1945 957 1984 τε
979 1915 1060 1986 άλλα
1080 1921 1364 2006 καταστησάμενος

256 2008 304 2100 ἦν,
328 2019 380 2083 καί
401 2021 481 2104 πρὸς
504 2026 544 2108 τῇ
566 2026 727 2112 άποσκιαῇ
758 2032 811 2088 καί
830 2020 1057 2108 στρατιωτικὸν
1089 2021 1123 2087 έκ
1146 2027 1202 2105 τῆς
1223 2016 1365 2108 ἑσπέρας

255 2118 311 2182 κατ’
329 2125 384 2202 τῆς
403 2123 466 2186 τάν
479 2127 707 2214 Καππαδοκράν
724 2125 856 2212 φθάσας
877 2128 1135 2208 προσυνελέξατο,
1158 2126 1213 2188 καί
1228 2120 1363 2196 Σκάθας

119 2218 140 2275 ί·
160 2219 210 2276 187
219 2238 247 2277 v·
257 2225 496 2308 surrectiorus,
521 2229 576 2290 καί
589 2225 649 2308 πρά
668 2230 723 2312 τῆς
745 2223 866 2292 τούτων
888 2227 1059 2311 ἐπιδημίας
1078 2222 1160 2307 μετά
1177 2227 1241 2298 τῶν
1269 2227 1307 2290 έν
1328 2227 1363 2312 τῇ

254 2314 409 2444 βιιηιλειίρΙ
434 2325 539 2404 μόνοιν
561 2326 656 2415 πάλη
682 2331 737 2411 τῆς
757 2326 835 2395 ὁδοῦ
855 2329 1037 2405 σπουδαίας
1065 2326 1227 2413 εφηψατο.
1277 2350 1310 2391 ει
1302 2327 1395 2391 ‘osu

255 2444 306 2484 και
332 2422 429 2501 αάτὸς
448 2423 464 2489 ὁ
484 2426 583 2491 ταῦτα
606 2426 801 2514 συγγράφων
820 2432 882 2493 τάν
914 2434 948 2495 ἐκ
968 2433 1165 2530 προκρίσεοος
1187 2428 1281 2515 αὐτῷ
1302 2452 1363 2492 σο-

254 2525 432 2603 νιπομέκων
455 2524 641 2608 ἐτύγχανεν,
662 2529 721 2592 καί
749 2528 805 2606 τάς
826 2532 885 2593 rori
915 2531 1052 2613 στρατοῦ
1074 2531 1248 2595 διεαθετοον
1277 2523 1363 2591 rinu-

254 2856 395 2920 titionem,
417 2870 476 2907 curn
494 2858 607 2909 maxime
633 2858 774 2927 privignos
793 2857 893 2908 circum
912 2871 942 2909 se
966 2812 1078 2910 liaberet
1096 2854 1273 2910 consiliorum
1291 2872 1360 2925 par-

252 2928 348 2994 ticipes
372 2926 432 2991 vel,
462 2935 490 2978 ut
519 2931 610 2981 verius
639 2930 738 2993 dicum,
767 2929 922 2981 insidiarum
942 2937 1065 2981 auctores
1075 2929 1248 3013 'cumqueiis
1267 2943 1360 2981 avun-

253 2998 341 3051 culum
355 2998 481 3053 loannem
492 3002 640 3055 Caesarem.
681 3002 771 3068 coepit
791 3001 860 3051 enirn
880 3002 992 3052 statim
984 3017 1012 3051 ιιι
1031 3002 1098 3068 ipsis
1118 3000 1359 3053 constitutionibus

251 3069 365 3139 publicis
386 3073 464 3124 etiam
486 3088 577 3126 eorum
598 3074 643 3143 qni
664 3074 774 3125 aderant
790 3072 903 3123 militnm
922 3071 1116 3124 illustrioribus
1133 3072 1184 3122 uti
1192 3078 1221 3122 et
1236 3070 1272 3122 de
1292 3071 1358 3123 bel.

250 3142 311 3194 licis
332 3144 519 3197 certaminibus
538 3145 689 3198 deliberare
718 3153 745 3197 et
761 3144 866 3213 legatos
887 3144 1021 3196 instruere
1041 3152 1068 3194 et
1095 3142 1212 3211 undique
1232 3143 1357 3196 hostibus

250 3213 407 3280 impedire
400 3218 577 3269 incursiones.
616 3226 761 3295 propterea
781 3217 860 3268 etiarn
880 3222 983 3300 tempus
1002 3229 1055 3268 non
1076 3216 1226 3270 diuturnum
1243 3217 1357 3266 retinuit

250 3286 345 3337 huuc
339 3301 367 3337 ιιι
385 3288 474 3353 regia,
489 3289 541 3340 sed
562 3287 627 3354 post'
642 3288 755 3339 alterum
778 3288 858 3340 lunae
884 3287 1024 3340 circuitum
1051 3287 1190 3339 orientalis
1211 3286 1355 3353 Propontis

250 3356 320 3407 bunc
340 3359 463 3423 excepit:
484 3367 511 3410 et
529 3359 657 3425 splendor
671 3360 740 3427 regii
753 3360 863 3413 tentorii
878 3359 997 3411 omnibus
1017 3358 1095 3411 simul
1115 3360 1231 3411 ostendit
1250 3360 1355 3425 regiam

249 3428 282 3479 ad
301 3428 458 3480 orientalem
488 3430 685 3495 expeditionem
716 3441 741 3483 et
757 3433 826 3494 iter:
839 3438 942 3517 Μοῖραι
959 3432 1073 3482 studium
1092 3430 1203 3483 ultionis
1223 3431 1292 3482 vicit
1308 3431 1354 3482 lu.

249 3500 351 3551 xnriam
371 3509 397 3551 et
415 3500 600 3567 voluptatem,
626 3517 694 3569 qnae
722 3509 812 3554 essent
838 3504 866 3553 in
884 3506 976 3570 regia:
1005 3510 1085 3586 utque
1110 3501 1214 3570 gloria,
1237 3504 1354 3569 quaein

250 3572 464 3638 expeditionibus
483 3587 569 3640 usqne
589 3574 621 3623 ud
639 3572 745 3624 coelum
765 3574 870 3624 veniret
895 3574 1049 3642 imperatori
1070 3574 1205 3639 persuasit
1224 3581 1255 3623 ut
1274 3573 1353 3623 etiam

248 3640 355 3694 labores
384 3642 476 3695 harum
503 3650 617 3693 mutaret
646 3657 691 3693 ea:
718 3643 801 3711 qnod
815 3643 919 3711 quidem
945 3644 1067 3697 omnibns
1096 3652 1232 3711 stuporem
1257 3645 1354 3695 iniecit

159 3740 165 3752 ι
248 3714 441 3799 σορίιοοτίλιαε,
459 3713 492 3765 ad
511 3714 693 3765 instruendum
713 3714 799 3766 solnm
819 3716 997 3801 expeditionis
1016 3723 1170 3783 apparatum
1190 3723 1218 3766 et
1236 3716 1352 3782 impedi.

246 3790 335 3833 menta
353 3800 388 3835 ne
409 3787 486 3836 trium
507 3784 611 3852 quidem
632 3792 747 3836 totorum
765 3787 878 3852 spatium
890 3790 1018 3840 mensium
1033 3787 1175 3839 sulficere·
1194 3785 1243 3838 ille
1263 3795 1351 3837 autem

247 3854 324 3905 modo
345 3856 461 3908 lirmatus
482 3863 508 3905 et
530 3854 635 3923 reliqua
655 3857 835 3909 constituebat
861 3867 888 3911 et
906 3860 938 3911 ud
962 3860 1150 3925 impedimenta
1169 3859 1248 3909 etiam
1270 3874 1351 3909 exer.

247 3926 327 3977 citum
347 3942 380 3978 ex
399 3926 540 3977 occidente
566 3936 592 3980 et
610 3936 680 3980 terra
709 3929 894 4002 Cappadocum
914 3931 1040 3982 celeriter
1067 3931 1171 3998 delegit
1190 3939 1218 3982 et
1237 3929 1350 3995 Scytbus

246 4000 406 4051 convocavit
423 4006 504 4065 atquc
522 4008 583 4052 aute
603 4000 695 4053 horum
714 4003 856 4055 adventum
873 4018 930 4053 cum
949 4004 982 4053 iis
997 4003 1063 4054 solis
1083 4005 1129 4071 qni
1148 4004 1176 4053 in
1193 4003 1271 4069 regia
1289 4001 1350 4051 aula

159 4088 162 4093 ¹
251 4078 326 4121 erant
344 4071 396 4123 iter
417 4070 535 4124 studiose
557 4074 626 4127 iniit.
665 4090 723 4125 cnm
743 4084 830 4126 cutem
850 4076 952 4140 etipse
972 4075 1016 4142 qui
1037 4074 1103 4125 buce
1120 4073 1213 4126 scribit
1232 4087 1350 4154 sequen.

252 4149 292 4197 tes
311 4156 341 4197 se
370 4158 403 4199 ex
429 4142 564 4201 electione
591 4146 718 4212 baberet,
745 4156 771 4199 et
789 4148 934 4213 proposita
953 4148 1087 4200 exercitus
1112 4144 1333 4199 administraret
1327 4157 1351 4192 m
