2834 4750
470 211 678 342 urucam.
1073 268 1148 344 aas

16 433 55 516 ιῆ
59 457 77 509 ς
102 430 146 498 τό
174 435 270 498 &stov
290 429 673 516 συναντιλαμβανόμενον,
694 431 733 500 τά
757 457 790 500 τε
812 439 876 503 τῶν
896 424 1047 505 ἐναντίων
1068 441 1146 520 ἒμο.

16 533 88 620 l³¹t
112 533 298 619 αἰτόρρητα
315 530 371 598 καὶ
390 533 651 626 ναταρθαμάτοιν
673 537 729 599 καί
751 537 947 621 αάχρμάτιον
969 540 1144 624 άπήλαυσε.

134 635 219 700 Τῶν
242 636 289 718 got
311 637 431 700 λοιπῶν
451 636 553 700 αότοῦ
573 638 832 722 ’προτερημάτων
861 645 1024 705 ποιεῖσθαι
1044 641 1146 706 κατά-

16 744 118 819 λογον
145 732 306 818 περιττόν
328 735 452 810 πάντας
473 738 512 822 τῇ
539 737 684 826 παρούσῃ
707 742 828 826 γραφῇ.
850 737 971 824 πλήρης
992 739 1052 823 γάρ
1073 740 1276 828 roal-mlh,

16 864 83 904 των
118 839 223 902 πᾶσα
255 833 365 922 γραφή
389 860 424 901 τε
448 841 501 901 ναὶ
521 837 663 922 ποίησις,
691 833 777 914 ὅπως
798 835 1060 924 ἓνατοντάχειρας
1081 867 1146 920 μυ-
1286 843 1289 847 ’

16 937 149 1026 ριάδας
180 935 331 1022 Ἀράβων
357 934 415 1000 tio
446 936 721 1022 αἰιαταμαχήταν,
755 934 861 1024 οόσπερ
883 964 932 1015 τις
966 926 1145 1023 άσιόματός,

15 1040 276 1125 ιιαταστράψας
297 1034 402 1130 μόλοις
424 1036 611 1120 άμυθήτους
627 1037 847 1116 ὑποσπόνδους
861 1038 1021 1124 πεποίηκε,
1042 1037 1097 1124 τήν
1111 1066 1146 1107 τε

15 1138 180 1223 μεγάλην
217 1135 413 1220 Ἀντιόχειαν
444 1139 501 1201 καί
522 1137 707 1223 Μελιτηνὴν
734 1138 857 1222 Ταρσόν
877 1163 910 1204 τε
941 1142 996 1204 κατ’
1013 1142 1045 1204 Γ
1042 1164 1146 1224 ερμα-

15 1239 153 1303 venerate
190 1235 247 1302 ναό
265 1235 323 1321 τὴν
352 1241 386 1302 ἐν
409 1245 479 1314 ταῖς
504 1234 630 1320 Μόψου
653 1239 785 1324 κρήναις
813 1242 867 1304 κατ’
888 1232 1145 1324 ου’τῆνἌδαναν
1246 1267 1249 1275 ·

15 1343 74 1404 καί
99 1338 168 1414 τάς
205 1342 383 1421 περιοίκους
407 1337 530 1421 πάσας,
558 1337 597 1402 αἳ
625 1338 705 1428 λόγῳ
734 1344 975 1428 συντετμρμένιρ
1005 1340 1145 1426 ῥηθῆναι

15 1442 59 1502 ον’
86 1437 265 1504 δύνανται.
299 1441 416 1503 ἐνεῖναι
434 1440 469 1502 δέ
489 1461 545 1520 μοι
566 1436 689 1524 ἐρρήθη
711 1441 755 1516 αἱς
776 1446 981 1517 scismaticis
1003 1450 1146 1524 συγγρα-

16 1542 154 1626 φεῦσιν
182 1536 397 1619 stratonem.

128 1639 225 1707 Ἀλλ’
248 1629 337 1715 οὗτος
363 1644 422 1721 μὲν
454 1640 612 1724 πάρεργον
645 1642 808 1725 γενόμενος
834 1640 983 1725 γυναικός
1013 1647 1145 1710 καὶτοῦ

15 1741 116 1810 ἰδιόα
146 1743 289 1823 α’νεψιοῦ
307 1740 454 1806 Ἰωάννου
473 1743 532 1806 τοῦ
558 1744 739 1827 Τζιμισχῆ,
769 1737 820 1809 οἷα
842 1741 955 1809 τάτοῦ
976 1748 1055 1808 θεοῦ
1076 1768 1145 1828 ιιρι-

14 1869 129 1927 ματα,
155 1839 273 1924 πολλὴν
295 1833 359 1916 τοῖς
379 1841 562 1926 ἀνθρώποις
582 1844 704 1928 α’φῆκεν
727 1843 894 1908 α’νιάνναί
913 1847 951 1932 τῇ
968 1844 1144 1924 Ῥωμαίων

18 1946 225 2030 ἐπικρατείᾳ
247 1938 462 2028 στυγνότητα·
508 1938 538 2006 οἱ
559 1944 594 2006 δὲ
612 1944 669 2005 τοῦ
685 1946 796 2024 γένους
815 1942 917 2006 αὐτοῦ
937 1941 1143 2024 ἐδιώχθησαν
1208 1925 1245 1989 ἰ
1322 2013 1334 2029 ·

18 2049 86 2124 μὲν
114 2038 185 2106 ὑπό
208 2043 272 2105 τάν
301 2043 471 2123 μετέπειτα
506 2041 663 2122 βασιλέων
693 2039 747 2104 διά
771 2034 807 2124 τό
839 2039 940 2125 βάρος
969 2042 1023 2125 τῆς
1044 2032 1144 2123 τόχης

19 2143 83 2208 κατ’
106 2140 145 2208 τὸ
171 2142 226 2224 τῆς
248 2142 381 2224 α’ντλρίας
403 2140 545 2222 ἀν’ξίωμα
565 2143 786 2224 περιώνυμον,
809 2139 913 2221 ἔμεινε
934 2145 969 2206 δὲ
990 2143 1029 2227 τῇ
1048 2144 1143 2222 μετέ·
1216 2145 1221 2154 ’

21 2267 131 2307 πειτα
159 2246 251 2331 γενεᾷ
265 2235 373 2326 ιόσπερ
388 2265 437 2316 τις
457 2240 597 2325 σπινθὴρ
620 2239 814 2323 ὑπαυγάζων
834 2241 868 2304 τό
891 2244 978 2324 γένος
998 2242 1062 2305 τῶν
1074 2245 1142 2304 Bo-

21 2345 237 2424 τανειατῶν,
270 2344 303 2407 ἐν
323 2344 367 2430 τῷ
389 2344 514 2430 στρατῷ
537 2338 727 2423 διαλάμποι
754 2343 813 2408 τοό
832 2340 943 2426 νυριόο
967 2343 1141 2408 Βασιλειόυ

21 2447 87 2509 τοῦ
111 2446 429 2529 πορφυρογεννήτου,
450 2436 482 2517 ὃς
504 2440 756 2524 τεσσαρακοστὸν
774 2440 844 2519 ἔτος
866 2449 931 2516 τοῖς
944 2438 1143 2523 Βουλγάροις

26 2542 316 2627 ἀντιτασσόμενος,
337 2540 393 2609 καί
408 2546 537 2628 μυρίοις
559 2544 665 2618 πόνοις
692 2543 747 2608 καί
769 2537 877 2618 ὅπλοις
902 2541 1141 2627 ἀντιπαρατατ-

28 2864 62 2901 re
82 2848 191 2901 infecta
208 2845 369 2901 recessisset
387 2854 434 2899 aut
452 2848 588 2903 conlectus
616 2848 649 2900 ab
668 2847 790 2901 hostibus
810 2856 881 2902 esset
899 2848 1054 2916 etpedibus
1072 2861 1139 2915 pro.

31 2920 172 2973 culcatns.
210 2935 270 2971 cunr
295 2927 383 2971 autem
401 2918 512 2973 baberet
531 2922 630 2973 virtuto
648 2935 746 2971 numen
769 2918 888 2971 (lirinum
906 2917 1025 2983 socium,
1045 2920 1139 2971 etad.

30 2992 221 3045 versariorum
235 2990 353 3042 initiatus
374 2998 414 3044 est
427 2986 539 3044 secretis
557 3000 583 3042 et
597 2989 754 3043 felicitatem
773 2987 939 3057 gloriamque
959 2998 1000 3041 est
1018 2990 1137 3055 adeptus.

139 3087 312 3156 Reliquarum
331 3095 418 3141 autem
447 3090 504 3140 eius
526 3089 696 3140 victoriarum
725 3087 864 3137 instituere
882 3100 1022 3137 recensum
1042 3097 1139 3150 super.
1193 3111 1199 3123 ·

32 3174 189 3211 vacaneum
208 3166 249 3211 est
267 3160 373 3211 omnino
392 3162 528 3227 praesenti
546 3159 635 3210 libro:
655 3158 737 3225 plena
756 3159 825 3208 enim
845 3165 886 3209 est
904 3155 946 3208 bis
965 3157 1049 3207 omnis
1068 3153 1139 3207 scri'.

32 3233 92 3297 ptio
115 3239 143 3281 et
155 3232 257 3297 poesis,
276 3232 408 3298 quomodo
428 3234 589 3283 centimanus
608 3230 672 3282 duas
691 3228 824 3294 myriades
841 3228 958 3280 Arabum
977 3228 1139 3278 invictorum

32 3310 164 3368 tanquam
193 3302 299 3354 divinus
330 3302 503 3370 defulgurans
531 3301 610 3353 urbes
629 3297 837 3351 inumerabiles
865 3298 1014 3366 vectigales
1033 3298 1138 3361 lecerit,

31 3372 208 3424 Antiochiam
227 3387 347 3439 magnam
367 3381 393 3423 et
405 3373 550 3425 blclitencn
571 3373 714 3424 etTarsum
736 3369 972 3422 etGermaniceam
993 3376 1019 3420 et
1035 3368 1138 3432 urbem,

33 3458 107 3509 quae
130 3442 221 3491 estad
239 3443 324 3509 Mopsi
344 3442 441 3508 lentes,
462 3454 489 3495 et
506 3448 590 3511 ipsam
607 3444 725 3496 Adanam
745 3450 772 3492 et
786 3443 1010 3505 ,circumiacentes
1036 3437 1144 3502 οτῐιυοε,Κ

34 3529 107 3579 quae
129 3512 250 3562 oratione
269 3508 405 3565 contracta
418 3516 565 3566 enumerari
585 3530 637 3566 non
654 3521 774 3580 possunt.
794 3513 842 3564 illa
861 3522 948 3565 autem
966 3526 982 3563 a
1000 3525 1044 3562 sue
1063 3525 1138 3562 com-

33 3588 183 3665 memorata
213 3590 288 3646 sunt,
320 3591 413 3648 utpote
447 3600 514 3651 quae
547 3602 562 3636 a
593 3586 715 3653 plurimis
747 3584 921 3651 scriptoribus
953 3598 1008 3634 non
1035 3581 1140 3649 possint

34 3662 191 3719 praeteriri.

139 3748 191 3803 Sed
218 3748 262 3801 bic
288 3750 394 3817 quidem
418 3752 558 3819 neglectus
581 3754 614 3805 ab
632 3769 717 3806 uxorc
744 3763 771 3804 et
788 3752 904 3820 patrueli
922 3753 1023 3805 loanne
1040 3749 1140 3801 Tsimi-

36 3820 115 3886 sche,
135 3820 225 3889 qualia
244 3829 304 3873 suut
321 3822 364 3873 (lei
385 3822 498 3887 iudicia,
517 3824 623 3875 multam
642 3825 793 3876 hominibus
817 3825 911 3881 iniecit
929 3822 1140 3874 sollicitudinem

39 3900 66 3941 et
94 3892 271 3953 Romanorum
290 3892 404 3958 imperio
429 3896 569 3947 tristitiam.
613 3898 658 3963 qul
686 3904 774 3945 autem
800 3911 814 3945 c
840 3909 941 3962 genere
971 3897 1028 3946 eius
1054 3898 1139 3957 crant,

38 3964 131 4013 vexati
150 3970 210 4015 sunt
229 3978 244 4015 a
263 3966 378 4031 posteris
397 3964 506 4033 regibus
525 3974 635 4032 propter
666 3967 824 4033 gravitatem
845 3966 967 4016 lortunae
989 3974 1015 4017 et
1033 3962 1139 4017 virtutis

38 4032 193 4099 dignitatem
221 4034 361 4086 illustrem.
406 4035 530 4087 manebat
549 4045 635 4087 autem
661 4045 786 4101 posterae
804 4038 884 4089 aetati
909 4038 983 4104 quasi
1004 4033 1138 4103 ignicrssus

41 4104 143 4168 quidam
162 4103 275 4169 lucens,
295 4122 379 4174 genus
399 4107 595 4159 Bataniatarum
623 4108 649 4158 in
670 4108 790 4159 exercitu
808 4108 945 4160 illustrans
964 4108 1063 4159 domini
1081 4105 1136 4157 Ba.

40 4171 96 4224 silii
114 4174 369 4244 porphyrogenneti‚
389 4180 434 4248 qui
454 4180 559 4247 quidem
577 4193 625 4246 per
646 4180 819 4248 quadraginta
841 4194 923 4234 annos
941 4178 1064 4247 Balgaris
1083 4190 1135 4243 op.
