2834 4750
473 276 684 350 ΗΜὈΒῙΔ.

7 442 162 524 νόμοις,
190 407 248 526 τόν
277 445 389 506 τούτου
419 438 596 524 προσβολὴν
627 440 770 522 ἶσχυρῶς
802 424 1032 522 οἰπικρυόσοτο.
1078 439 1133 507 καί

7 540 200 619 συστάντας
222 543 373 622 πολέμου,
395 541 672 626 φιλοτιμουμένων
693 537 887 621 ἀμφοτέρων
907 542 981 623 περί
1003 541 1058 621 τῆς
1081 540 1131 605 νί-
1139 552 1160 606 i.
1170 554 1223 611 232
1231 569 1255 608 r.

7 668 93 727 της,
114 636 347 727 καταπληκτική
368 665 416 716 τις
442 642 593 705 συντονιά
621 642 676 703 κατ’
700 634 790 721 μόχη
811 640 945 720 γέγονεν.
989 638 1030 714 ὥς
1053 642 1079 705 δ’
1102 640 1132 707 οἱ

7 745 82 805 τοῦ
102 740 476 826 parantemparantem
503 738 540 802 τό
559 737 707 825 καρτερόν
739 736 793 809 καί
814 733 977 829 όνένδογον
997 742 1052 823 τῆς
1073 733 1131 805 όν-

7 844 122 924 δρίας
144 842 336 927 εἰσέφερον,
365 841 420 905 καί
439 841 565 924 πληγῶν
600 842 655 903 κατ’
675 835 817 903 θανότοο
841 836 1028 920 α’λογοόντες
1050 838 1131 906 έδείε

7 966 150 1021 κνυντο,
171 944 226 1007 κατ’
246 942 441 1023 βαλλόμενοι
467 944 589 1022 μᾶλλον
613 943 708 1004 πλέον
730 937 809 1003 κατὰ
841 939 895 1003 τοῦ
917 937 1133 1025 πολεμὴτορος

7 1045 223 1127 ἠγριαίνοντο
248 1044 303 1109 καί
323 1046 451 1117 πλείους
470 1044 534 1105 τῶν
555 1045 612 1105 τοῦ
634 1029 809 1125 Βρυεννίου
841 1038 979 1129 α’νῄρουν
999 1040 1054 1105 καί
1073 1067 1132 1106 κα-

7 1144 225 1228 τηκόντιζον,
247 1144 401 1229 σόνδημοτ
423 1140 498 1218 δοός
521 1150 587 1219 τοίς
613 1142 669 1207 τὸν
691 1138 788 1224 λόχον
809 1138 921 1224 έχουσι
947 1138 1133 1228 Τοόρκοιςό

11 1244 217 1330 Κομνηνός,
242 1239 298 1318 σός
329 1245 374 1319 εἰς
392 1242 505 1327 καιρόν
537 1242 748 1324 ἀπεκρύψατο
770 1242 900 1326 χρείας,
923 1246 1132 1327 παραβοηθῆ-

9 1372 83 1411 σαι
106 1353 172 1421 τοῖς
194 1345 319 1421 οἰκείοις
347 1350 558 1430 προσέταξεν·
610 1343 643 1407 οἰ
661 1347 716 1408 κατ’
747 1346 821 1426 παρ’
843 1340 957 1409 teneda
981 1345 1141 1429 φανέντες-

10 1447 83 1511 έτιί
98 1448 160 1509 ,τοῦ
181 1443 284 1531 λόφου
311 1445 368 1511 καί
393 1454 458 1519 τοίς
482 1446 636 1521 ἐναντίοις
659 1446 877 1530 έπεχυθέντες,
913 1444 1055 1519 καὶτοῖς
1077 1468 1134 1510 το-

12 1546 167 1627 ξεόμασι
185 1544 359 1627 βάλλοντες
381 1549 416 1611 έκ
436 1548 557 1630 μέρους
576 1550 635 1611 τοῦ
654 1546 711 1610 τόν
732 1543 829 1631 λόφον
850 1543 1016 1628 έγκόρσιον
1036 1542 1133 1629 έχον-

11 1671 92 1727 τας,
115 1644 233 1731 τροπὴν
261 1647 370 1711 adrev
390 1646 474 1730 μετό
495 1648 557 1713 τῶν
576 1644 862 1728 συμπολεμούντων
879 1641 1048 1728 Ῥωμαίων
1065 1650 1133 1732 εἰρ-

11 1771 178 1831 γασαντο.
223 1747 278 1816 καί
304 1751 475 1832 τηνικαῦτα
502 1742 587 1815 ἓόλω
613 1752 673 1831 μέν
697 1746 713 1811 ό
739 1747 912 1833 Βρυέννιος
936 1751 1016 1829 ζῶν,
1050 1740 1079 1812 οἰ
1099 1752 1135 1813 δὲ

12 1853 101 1934 περὶ
116 1845 216 1913 αότόν
230 1852 512 1925 διασκεδασθέντες
527 1847 678 1936 ἡγεμόνος
693 1853 792 1913 κακοῦ
806 1855 956 1923 κακιότας
970 1842 1064 1933 εὗρον
1080 1846 1135 1924 τός
1210 1880 1212 1887 ’

15 1947 252 2033 οἷντιχόριτας·
274 1946 387 2015 ἔπεσον
406 1949 468 2037 γόρ
483 1954 539 2016 καί
558 1955 682 2033 συχνοί,
702 1943 844 2013 ἑάλωσαν
860 1952 895 2013 δέ
912 1951 972 2032 οόχ
997 1944 1135 2032 ἥττονες,

13 2050 83 2113 καί
93 2052 215 2131 μᾶλλον
230 2047 260 2114 οἰ
274 2053 336 2117 τῶν
349 2046 454 2117 ἄλλων
464 2055 660 2136 προέχοντες.
673 2051 689 2113 ό
704 2053 922 2133 δέΒρυέννιος
934 2046 1135 2133 αἰχμάλωτος

15 2153 150 2233 οἰχθείς
163 2155 206 2239 cpi
225 2153 312 2237 nopai
335 2157 493 2236 βασιλέως
511 2154 653 2238 εἰληφότι
673 2150 732 2236 τὴν
755 2153 814 2215 τοῦ
829 2156 967 2231 πολέμου
988 2154 1134 2229 ἐξουσίαν

18 2248 131 2317 πολλοὶ
152 2255 207 2336 τῆς
229 2256 421 2334 δυσβουλίας
439 2252 495 2318 καί
513 2257 573 2339 τῆς
590 2254 699 2327 οἰνοίος
721 2250 935 2339 κατεγνώσθη,
954 2247 999 2337 όρι
1019 2252 1053 2318 τό
1073 2257 1134 2333 μέ-

7 2377 105 2437 ·τρον
126 2355 227 2418 adrat
247 2353 302 2419 καί
330 2344 385 2431 τός
408 2354 540 2440 πράξεις
571 2351 719 2439 η’γνόησε.
769 2358 890 2436 ταχέως
913 2356 948 2419 δέ
972 2356 1016 2441 τῷ
1035 2358 1134 2435 βαστ-

25 2462 85 2518 λεῖ
105 2459 217 2520 τοῦτον
238 2460 379 2539 πέμψας,
403 2457 458 2520 καί
485 2452 523 2523 τό
547 2459 603 2538 τῆς
624 2458 710 2540 νίκης
735 2457 904 2538 εόαγγέλια
933 2451 986 2520 διό
1010 2458 1135 2540 γραφῆς

27 2559 280 2639 συνεξέπεμψεν.
321 2551 338 2618 ό
360 2558 395 2620 δέ
409 2553 562 2638 βασιλεός
584 2558 730 2635 α’σμένονς
751 2556 809 2640 τὴν
831 2556 978 2639 οἰγγελίαν
999 2551 1135 2635 δεξόμε-

28 2679 104 2736 νος,
131 2658 187 2720 καί
217 2656 255 2743 τῇ
278 2654 490 2746 παναχρόντφ
519 2646 667 2744 ιδεσποίνῃ
687 2655 742 2721 κατ’
762 2652 913 2744 'decedam
930 2656 988 2734 τὰς
1011 2679 1135 2742 προσηη

30 2751 152 2832 κοόσας
174 2751 348 2840 οἰπονείμας
370 2757 635 2844 εὖχοριστηριάς,
664 2757 719 2822 διὰ
746 2762 871 2843 ταχέων
901 2755 1054 2841 ἐκπέμπει
1075 2760 1135 2844 δη-

32 3063 160 3129 victoria,
180 3063 275 3131 ingena
293 3063 421 3131 quaedam
441 3063 578 3116 contentio
598 3071 625 3115 et
642 3078 733 3132 pugna
752 3062 811 3116 luit.
840 3062 970 3131 quodcum
989 3063 1062 3132 regis
1080 3065 1133 3118 mi.
1172 3079 1175 3082 ·

32 3137 99 3188 liter
117 3136 217 3186 lirinum
236 3134 398 3204 minimeque
415 3136 553 3191 remissam
571 3136 696 3189 virtutem
716 3136 875 3187 inducerent
884 3143 910 3187 et
928 3134 1041 3187 vulnera
1059 3152 1133 3189 mor.

33 3218 144 3274 temque
163 3213 364 3259 contemnentes
382 3215 552 3274 apparerent,
572 3215 599 3258 et
618 3207 664 3256 icti
683 3208 763 3258 etiam
784 3207 867 3276 magia
896 3215 988 3258 contra
1014 3207 1133 3261 bellato-

33 3295 93 3332 rem
113 3278 305 3329 contenderent
324 3287 351 3329 et
369 3277 521 3344 complures
540 3277 640 3338 militer
658 3277 788 3343 Bryennii
807 3277 935 3330 tollerent
955 3287 981 3329 et
999 3286 1133 3345 peterent,

32 3353 140 3417 signum
158 3349 223 3400 dane
240 3348 331 3401 l'urcir
355 3347 664 3401 insidiae'olrtinentibua
684 3349 844 3412 Gomnenue,
864 3365 931 3417 quos
950 3357 1070 3418 tempore
1089 3353 1134 3402 iu..

33 3431 79 3476 rto
101 3420 264 3483 condiderat,
283 3422 441 3488 imperarit,
460 3429 490 3472 at
508 3422 537 3472 in
552 3420 634 3483 rebus
659 3421 820 3472 necessariis
843 3421 1038 3474 auxiliarentur
1063 3425 1134 3476 raia:

35 3494 83 3563 qai
102 3491 208 3560 quidem
227 3500 334 3556 praeter
352 3508 426 3559 spem
445 3501 604 3559 apparenter
624 3491 734 3544 incolle
755 3501 782 3544 et
800 3494 960 3546 adversariis
981 3495 1135 3547 circumfusi

36 3574 66 3617 et
83 3560 171 3613 iacula
195 3562 346 3614 emittentes
365 3579 399 3614 ex
416 3571 492 3630 parte
511 3563 609 3616 collem
631 3562 767 3631 obliquum
791 3572 900 3617 tenente
929 3565 1020 3634 fugam
1045 3581 1137 3618 eorum

36 3651 97 3687 eum
116 3633 198 3685 sociis
217 3632 342 3686 Romanis
362 3635 524 3688 effecerunt:
544 3644 624 3703 atque
641 3644 696 3687 tum
716 3644 808 3702 captur
828 3637 1028 3703 estBryenniur
1047 3639 1136 3704 vivus,
1156 3669 1158 3678 ι

38 3706 85 3775 qui
105 3713 192 3758 autem
212 3704 362 3756 circaeam
382 3714 466 3771 erant,
487 3706 606 3774 dissipati
631 3708 707 3759 ducis
732 3706 794 3758 mali
819 3709 948 3774 pessimas
975 3710 1137 3763 invenerunt

39 3778 157 3846 gratian:
178 3775 332 3827 ceciderunt
351 3777 421 3828 eninr
441 3777 569 3842 etmulti,
588 3780 659 3846 capti
679 3786 766 3830 nutem
780 3788 841 3832 nunt
858 3795 913 3831 non
933 3781 1091 3846 pauciores,
1110 3787 1138 3833 et

40 3850 123 3916 magis
143 3855 293 3899 ceterorum
310 3848 456 3915 principer.
491 3849 643 3915 Bryenniue
660 3858 749 3902 autem
769 3852 890 3916 captivus
904 3852 997 3904 ductus
1016 3853 1049 3904 ad
1067 3867 1137 3916 eum,

42 3921 88 3988 qni
105 3936 120 3970 a
137 3935 203 3988 rege
221 3927 364 3986 acceperat
382 3919 449 3972 belli
470 3928 647 3988 potestatem,
666 3921 746 3972 valde
773 3931 883 3988 propter
910 3925 1086 3976 temeritatem
1111 3928 1138 3974 et

43 3993 242 4056 imprudentiam
263 3993 428 4059 vituperatas
447 4000 503 4058 ert,
523 3993 595 4059 quod
612 4006 761 4044 mensuram
791 4009 862 4045 suam
890 4001 916 4045 et
940 3995 1059 4047 actiones
1084 4009 1138 4046 non

42 4064 170 4116 novieaet.
195 4062 323 4116 celeriter
341 4071 430 4116 autem
450 4064 482 4116 ad
501 4079 592 4131 regem
610 4064 718 4115 mittens
738 4063 807 4116 huuc
828 4066 907 4117 etiam
926 4067 1057 4118 victoriae
1065 4079 1138 4118 nune

45 4136 109 4186 tium
127 4133 226 4188 laetum
245 4135 332 4190 literia
350 4136 429 4189 timul
448 4136 528 4189 mitit.
565 4151 615 4190 rex
632 4143 721 4188 auten
747 4135 863 4190 libenter
885 4140 1005 4191 nantium
1034 4139 1138 4206 aecipi-

47 4220 92 4260 em
111 4211 138 4258 et
155 4205 344 4277 iutegmrtmae
360 4208 486 4265 dominae
501 4215 531 4262 et
547 4207 625 4262 imeri
643 4208 688 4262 dei
704 4209 917 4265 accommodans
940 4211 1053 4268 reddens
1072 4225 1138 4280 σεε-
