2834 4750
256 275 305 355 3ο
565 206 784 356 dionensis
814 224 1075 356 strutiones

221 491 224 502 ι
256 455 400 532 συνεχεῖς
427 452 501 514 καθ’
531 446 664 537 έκσίστην
697 456 855 536 ἐγίνοντο,
884 454 958 516 ποτὲ
992 452 1050 530 μέν
1082 447 1203 513 τούτων
1227 442 1369 508 ’ποτὲδ

257 552 383 616 ἐκείνων
397 549 672 633 ,προαρπαζόντων
702 552 758 638 την
776 559 872 637 νίκην.
923 549 995 615 ἐπεὶ
1017 549 1051 613 ’δ’
1074 543 1227 628 ι’σοπιιλὴς
1246 540 1368 622 ἐδόκει,

255 655 375 732 μᾶλλον
395 653 423 716 δ’
448 653 467 733 ἦ
500 657 564 716 τῶν
587 656 721 720 Σκυθῶν
744 652 882 739 ἐπιφορὰ
913 650 1124 734 προτεροῦσα,
1150 647 1251 730 χωρίς
1272 638 1370 728 ἥττης

256 755 394 833 θατέρου
418 754 482 815 ταῖν
501 750 769 838 ἀντιτεταγμένων
785 751 838 816 ἀπ’
868 749 1015 836 ἀλλήλων
1033 742 1144 832 etseq,
1167 743 1275 829 ὥσπερ
1303 740 1367 806 dat

172 849 174 854 ⁵
256 851 470 934 συνθήματος,
492 844 569 916 ἄνευ
593 857 736 938 διωγμοῦ
756 851 812 917 καί
833 854 937 938 φυγῆς
960 841 1197 934 οἷπηλλοὶγησαν.
1375 848 1388 897 5

346 945 446 1036 Ἔγνω
468 945 571 1017 τοίνυν
593 952 609 1016 d
632 954 786 1036 βασιλευς
807 948 993 1037 προσθήκην
1012 949 1241 1034 ἐμποιῆσαιτῇ
1262 969 1370 1029 στρο-

168 1127 171 1132 Λ
259 1057 312 1143 sapi
334 1051 387 1118 διδ
412 1055 472 1118 τῶν
494 1049 581 1118 ἐτέων
611 1054 776 1138 ταγμάτων
793 1057 851 1124 aad
874 1046 956 1116 οὕτω
984 1047 1042 1134 την
1064 1045 1225 1132 Σκυθικὴν
1241 1069 1371 1141 ’κατερ-

184 1195 186 1202 ·
258 1158 420 1239 γάσασθαι
444 1159 648 1234 παντευχίαν,
693 1151 872 1236 διαβιβάζει
887 1155 991 1216 τοίνυν
1009 1152 1055 1224 εἰς
1077 1146 1234 1234 Εὐρώπην
1255 1151 1295 1213 εἰι
1316 1149 1371 1230 τῆς

252 1256 362 1329 Ἀοίος
381 1251 453 1328 τούς
472 1257 742 1336 στρατευομένους
763 1254 944 1338 πασσυδίᾳ,
965 1255 1020 1316 καί
1041 1247 1311 1323 πολυπλασισὶσας
1336 1242 1369 1311 τδ

255 1357 374 1439 πλῆθος
395 1343 459 1429 τοῖς
479 1352 621 1430 Σκύθαις
643 1356 818 1440 ἐπαφῆκεν,
840 1349 921 1434 ὅμοῦ
941 1351 1084 1438 σῖρχηγὸν
1104 1351 1212 1425 αὐτοῖς
1234 1344 1397 1433 &noorai-1⁰

256 1481 314 1531 σας
337 1454 490 1538 εδνοῦχόν
513 1478 582 1520 τινα
604 1457 666 1520 τῶν
687 1453 877 1539 ἱερωμένων,
901 1455 944 1540 τῷ
968 1455 1025 1518 τοῦ
1048 1449 1204 1539 ῥέκτωρος
1226 1448 1369 1535 τιμήσας

257 1553 356 1620 ου’τόν
380 1554 548 1636 α’ξιτδματι.
593 1549 627 1630 ὃς
647 1555 706 1629 τὰς
723 1554 877 1636 δυνάμεις
893 1551 1061 1635 ἀναλαβών
1080 1549 1159 1618 sosoi
1182 1553 1246 1615 τῶν
1270 1553 1369 1616 ἐναν-

255 1659 330 1722 τίων
349 1654 445 1735 ὁμόσε
467 1663 585 1738 χωρεῖ’
629 1653 683 1718 καί
703 1652 763 1740 πρὸ
786 1655 844 1718 rod
867 1654 997 1738 χάρακα
1018 1658 1129 1734 βαλεῖν
1150 1652 1205 1716 aad
1222 1671 1370 1734 στρατο-

257 1753 477 1821 πεδεύσασθαι
499 1754 555 1819 καί
573 1753 695 1837 βουλιλς
716 1753 927 1839 στρατηγικὰς
957 1757 1129 1838 προλαβεῖν
1158 1753 1214 1816 καί
1233 1755 1367 1832 συμβα·

257 1862 322 1922 λεῖν
342 1852 384 1920 τὰ
412 1853 623 1940 προσήκοντα,
654 1852 731 1920 κατὰ
760 1856 907 1935 μέτωπον,
928 1864 994 1930 τοῖς
1020 1857 1194 1934 ἐναντίοις,
1230 1846 1275 1925 ὥς
1298 1844 1396 1932 εἶχελᾶ

257 1956 378 2042 φόρτου
401 1957 457 2021 καί
476 1959 633 2040 συσκευῆς
658 1957 882 2038 α’γοροστικῆς,
903 1958 1114 2041 ἐπιφαίνεται,
1135 1948 1285 2018 σπεύδων
1306 1950 1369 2013 αδ-

257 2053 311 2132 τός
332 2079 363 2120 τε
384 2058 440 2120 καί
461 2051 491 2119 οἱ
512 2051 571 2120 σδν
594 2056 682 2142 αὐτῷ
697 2059 886 2136 καταλαβεῖν
908 2053 981 2131 τοὺς
1005 2055 1285 2135 ἀντιτεταγμένους
1305 2045 1368 2132 πρὸ

257 2159 313 2220 τοῦ
335 2165 457 2243 φυγεῖν,
478 2153 533 2220 καί
553 2157 776 2239 πανωλεθρίαν
796 2156 914 2220 τούτων
930 2153 1140 2240 ἐργάσασθαι,
1165 2151 1206 2226 ὡς
1229 2153 1259 2215 δ’
1285 2153 1367 2216 ἐκεῖ·

259 2279 307 2322 νοι
330 2259 630 2339 περιτετειχισμένον
651 2263 720 2330 ταῖς
742 2251 881 2338 ἁμάξαις
911 2255 966 2342 τὴν
990 2252 1108 2340 ’ἔφοδον
1131 2248 1236 2317 αὐτῶν
1256 2251 1369 2329 έξεδέ-

257 2380 361 2441 χοντσ,
386 2355 496 2444 δρόμῳ
518 2353 574 2421 καί
594 2357 654 2442 βοῇ
677 2359 777 2443 πολλῇ
798 2358 838 2445 τῇ
856 2357 1043 2444 παρεμβολῇ
1063 2353 1181 2420 τούτων
1203 2354 1265 2418 τιδν
1286 2347 1395 2417 ‘Po-tt

257 2460 382 2540 μαϊκῶν
400 2458 572 2545 φαλάγγων
593 2460 676 2533 τινὲς
695 2461 901 2542 προσέβαλον.
946 2456 977 2522 οῖ
1000 2460 1035 2522 δέ
1054 2462 1179 2540 βέλεσιν
1202 2452 1368 2537 ἑκηβόλοις

257 2558 467 2645 χρησάμενοι,
490 2562 546 2623 καί
578 2558 653 2635 τοδς
684 2561 801 2635 λ’ππσος
823 2560 929 2625 adroic
951 2565 1083 2645 πληγαῖς
1113 2553 1367 2642 θορυβήσαντες,

263 2822 268 2831 ,
333 2736 374 2789 11.
399 2734 559 2810 ῥυίκτωρσς
577 2738 606 2792 0.
718 2736 759 2793 14.
779 2709 964 2810 προβαλεῒνλ
1069 2737 1113 2791 21.
1132 2736 1315 2808 προσέλαβον
1335 2730 1365 2789 0·

259 2904 386 2961 barbaros
405 2909 504 2961 ducere
524 2910 669 2962 exercitum
684 2910 839 2979 pugnacem-
852 2920 879 2963 et
896 2927 957 2963 cum
975 2910 1020 2963 hic
1039 2910 1213 2962 convenisset
1230 2914 1258 2960 et
1276 2906 1367 2960 hosti.

260 2978 309 3032 hus
329 2996 358 3033 se
378 2982 549 3047 opposuisset
573 2996 680 3049 pugnae
705 2984 848 3034 continuae
872 2997 980 3051 quoque
1005 2983 1048 3034 die
1075 2982 1195 3043 fiebant,
1215 2992 1275 3031 cum
1294 2992 1367 3031 nnuc

261 3048 298 3115 hi,
313 3066 384 3103 nunc
396 3050 436 3103 illi
451 3051 680 3119 praeoccuparent
699 3055 847 3105 victoriam.
887 3071 945 3104 cum
965 3062 1052 3105 autem
1071 3068 1119 3119 par
1138 3052 1285 3113 videretur,
1304 3052 1367 3101 siue

261 3125 349 3188 potius
371 3122 526 3189 Scytharum
540 3125 654 3191 impetus
671 3127 794 3192 superior
812 3127 871 3177 sine
891 3125 967 3177 clade
985 3125 1096 3176 alterius
1115 3124 1298 3190 oppositorum
1318 3134 1367 3189 per

261 3193 385 3255 alterum,
405 3197 492 3245 statim
512 3198 587 3262 quasi
607 3196 684 3263 signo
704 3197 765 3248 dato
784 3198 843 3248 sinc
863 3198 1052 3263 persecutione
1074 3204 1100 3246 et
1119 3195 1183 3262 luga
1202 3194 1339 3245 abierunt.

366 3263 463 3315 Statuit
488 3267 570 3332 igitur
595 3265 850 3320 rex'accessionem
876 3269 967 3319 lacere
994 3268 1124 3318 exercitui
1150 3281 1198 3331 per
1217 3264 1366 3315 orientales

263 3333 380 3397 ordines,
410 3344 436 3386 et
460 3336 497 3386 ita
523 3336 680 3402 Scytharum
706 3338 845 3389 debellare
870 3338 1012 3390 militarem
1039 3339 1238 3389 incursionem:
1262 3336 1366 3386 traiicit

262 3406 345 3472 igitur
369 3406 396 3455 iu
422 3406 555 3471 Europam
580 3422 613 3457 ex
636 3408 701 3460 Asia
725 3410 870 3461 militantes
896 3412 967 3461 omui
994 3426 1053 3461 cum
1079 3411 1106 3460 vi
1133 3417 1159 3460 et
1183 3406 1365 3473 multiplicans

261 3476 457 3527 multitudinem
483 3476 590 3542 Scythis
615 3479 724 3531 immisit
753 3480 831 3530 simul
859 3482 952 3531 ducem
979 3483 1012 3533 iis
1040 3482 1181 3547 imponens
1214 3477 1366 3529 eunuchum

263 3548 393 3617 quendam
432 3548 590 3599 clericorum
626 3552 738 3601 rectoris
768 3550 902 3603 honorans
943 3568 1003 3603 eum
1030 3550 1176 3619 dignitate.
1225 3550 1270 3615 qui
1302 3549 1366 3616 qui-

263 3621 322 3670 dem
344 3620 445 3673 viribus
469 3620 586 3689 receptis
609 3635 668 3671 cum
696 3620 816 3673 hostibus
844 3624 1031 3689 congreditur,
1060 3630 1087 3673 et
1110 3630 1251 3689 antequam
1275 3620 1366 3671 muni-

263 3691 350 3741 tiones
370 3692 472 3743 iaceret
492 3700 518 3743 et
537 3699 623 3743 castra
641 3701 756 3759 poneret
775 3700 802 3743 et
820 3694 934 3745 consilia
953 3695 1079 3745 militarie
1098 3694 1220 3762 exigeret
1238 3699 1265 3742 et
1284 3690 1366 3741 colli-

263 3768 341 3830 geret
359 3764 528 3827 necessaria,
557 3780 573 3815 a
593 3763 681 3815 fronte
700 3764 820 3816 hostibus
845 3772 874 3815 ut
892 3766 1043 3817 instructus*
1055 3773 1113 3817 erat
1132 3778 1216 3815 onere
1235 3770 1262 3813 et
1281 3776 1366 3829 appa-

263 3838 322 3881 ratu
343 3841 463 3897 coemto,
491 3843 602 3901 apparel
625 3835 733 3887 studens
754 3837 856 3902 etipse
876 3846 904 3888 et
926 3839 971 3906 qui
998 3853 1057 3887 cum
1087 3850 1120 3887 eo
1140 3842 1215 3887 erant
1234 3847 1366 3899 occupare

265 3901 419 3967 oppositos,
444 3906 598 3972 priusquam
626 3906 771 3975 lugerent,
798 3915 825 3958 et
843 3908 945 3960 cladem
964 3923 1088 3960 summam
1110 3906 1203 3957 horum
1223 3904 1365 3955 conficere.

265 3986 324 4023 cum
344 3980 431 4023 autem
460 3973 502 4025 illi
522 3977 603 4027 cincti
631 3978 752 4031 curribus
783 3980 908 4045 impetum
934 3995 1025 4032 eorum
1051 3981 1216 4044 exciperent,
1241 3991 1322 4027 cursa
1338 3980 1368 4024 'et

265 4041 383 4094 clamore
408 4044 492 4095 multo
519 4056 605 4099 castro
632 4048 725 4100 harum
749 4051 912 4103 Graecarum
937 4052 1097 4119 phalangam
1124 4047 1272 4100 nonnullae
1289 4043 1367 4099 simul

265 4128 409 4183 aggressae
428 4124 497 4168 sunt.
536 4116 578 4169 illi
598 4128 685 4170 autem
703 4122 799 4174 iaculis
819 4124 920 4174 eminus
934 4125 976 4174 usi
995 4132 1023 4174 et
1042 4136 1126 4191 equos
1147 4118 1305 4173 verberibus
1323 4119 1366 4169 iu-

264 4188 393 4254 citantes,
418 4188 532 4255 turpiter
558 4187 608 4241 hos
633 4190 729 4259 lugere
747 4202 909 4261 coegerunt,
934 4201 1048 4252 carente
1073 4194 1166 4245 horum
1192 4205 1314 4261 quoque,
1333 4204 1366 4242 uo
