2834 4750
503 247 711 322 urs-romu.
932 212 956 329 J
1087 232 1163 338 aaa

28 410 247 497 μαρτυρικῷ
279 409 520 494 περιρρεόμενος
549 411 668 502 λύθρῳ.
720 414 909 497 ἐθαύμασαν
932 392 1031 484 ου’τόν
1062 414 1165 502 ύπιρ-

30 513 136 598 φυοός
159 514 225 576 κατ’
250 510 522 595 όπερηγόσθησαν
540 513 623 578 τότε
642 516 791 597 πολέμιον
814 521 869 581 κατ’
887 523 951 583 πᾶν
967 518 1002 584 τό
1022 514 1167 601 Ῥωμαϊ-

28 611 104 691 κόν,
131 610 194 675 καί
219 613 330 712 δῆμοι,
344 608 459 685 πάντες
479 613 659 695 όνθρόπων
677 614 757 697 πρὸς
778 621 872 681 τούτο
887 616 1164 704 ἐξεθαμβήθησαν.
1273 698 1276 701 ,

30 709 71 777 τό
100 712 141 776 δέ
166 712 271 794 γένος
305 717 367 776 τόν
392 713 561 778 Θετταλῶν
578 709 730 798 ἐιύρτασε
760 721 819 799 μὲν
852 716 932 801 όπέρ
954 715 1091 796 όιιαντος
1110 722 1195 810 τήνη
1214 754 1304 811 21ηῇ

9 815 94 897 λτής
119 809 263 889 πόλεως
294 812 469 896 λύτρωσιν,
491 811 589 878 ἔθυσε
612 817 646 880 δὲ
677 818 743 903 θεῷ
760 819 819 880 καί
840 819 884 904 τῷ
905 817 1166 901 μεγαλομόρτυρι

33 915 239 1014 Δημητρίῳ
262 910 300 977 τό
322 916 459 996 σῶστρα,
482 904 580 979 ἔθυσε
614 916 648 977 δέ
669 919 724 980 καί
743 915 829 1003 αύτῷ
861 917 905 1003 τῷ
927 916 1042 979 τούτου
1064 913 1167 998 θερύ-

32 1036 135 1077 ποντι
162 1010 318 1095 Μιχαήλ
346 1016 387 1098 τῷ
409 1007 606 1100 Βοτανειοὶτη
634 1013 695 1099 τήν
719 1019 753 1094 ἐξ
783 1017 921 1080 ἰσοθέων
943 1013 1075 1097 α’γιόνων
1095 1012 1168 1081 ἐπι-

34 1115 147 1177 νίκιον
173 1112 350 1196 εύφημίαν
371 1110 427 1175 καί
446 1105 598 1178 εύκλειαν.
643 1113 746 1197 ἐζήτει
768 1118 803 1180 δέ
824 1113 880 1180 τόν
894 1112 1036 1199 α’θλητήν
1058 1115 1078 1199 ή
1102 1140 1169 1179 οω-

35 1217 146 1277 θεῖσα
175 1210 277 1286 πόλις
301 1213 344 1275 δι’
370 1214 480 1306 αύτού,
504 1216 559 1276 κατ’
582 1212 636 1278 διὰ
658 1217 800 1298 οπουδής
821 1215 955 1279 ἐποιεῖτο
980 1211 1036 1298 τήν
1055 1210 1168 1279 τούτου
1256 1249 1260 1255 ’
1286 1233 1289 1240 ’

9 1307 198 1396 θεύρεσιν.
260 1310 316 1375 καί
341 1314 477 1396 ζητοῦσα
511 1312 570 1378 σύν
599 1317 762 1405 ἐπιμελείηι
793 1318 849 1378 καί
876 1313 1041 1402 διαδρύμηι
1064 1318 1169 1402 πολλιρῖ

38 1405 147 1497 εὗρεν
171 1407 283 1478 αότόν
313 1414 456 1494 κείμενον
487 1415 706 1503 ἐνωπλισμένηι
738 1414 792 1480 καί
811 1415 946 1504 όνδρείηι
975 1415 1168 1500 φρονήματι,

40 1512 101 1579 κατ’
122 1512 161 1579 τό
191 1518 301 1598 ξίφος
310 1520 374 1588 τοῖς
397 1513 563 1592 δακτύλοις
583 1512 806 1600 περιεχόμενοι
821 1515 876 1580 καί
893 1517 1051 1600 μηδαμῶς
1073 1515 1170 1599 ripad-

40 1637 168 1700 μενον,
207 1611 271 1686 ἕως
291 1610 371 1698 μετὰ
399 1618 513 1698 πολλῆς
540 1617 715 1697 θεραπείας
745 1616 800 1680 καί
829 1618 970 1699 τεχνικῆς
998 1612 1169 1699 ἐπιστήμης

45 1715 163 1800 ἀφῆκε
191 1716 257 1794 μὲν
277 1711 313 1777 τὸ
335 1715 425 1798 ξίφος
449 1713 467 1796 ή
489 1715 570 1798 χείρ,
602 1718 666 1780 τόν
686 1711 812 1799 ὀνύχων
832 1719 870 1804 τῇ
892 1715 1023 1802 παλάμῃ
1045 1737 1169 1798 προση-
1192 1745 1195 1751 ’

9 1818 235 1881 .5λωθέντων
271 1813 372 1877 αύτού
404 1816 448 1902 τῷ
478 1813 616 1896 ἐμμανεῖ
630 1819 686 1899 τῆς
714 1812 793 1879 κατύι
821 1819 884 1879 τόν
905 1816 1062 1894 πολεμίων
1083 1811 1169 1876 ἐπεί.

47 1921 145 1995 ξεως,
166 1911 272 1989 αότδς
291 1916 327 1977 δέ
349 1912 639 1999 δορυφορούμενος,
663 1918 718 1979 καί
736 1919 899 2000 μεγίσταις
917 1913 1094 1998 εύφημιάις
1115 1915 1171 1979 καί

47 2017 188 2099 κρότοις
233 2002 290 2080 καί
317 2012 508 2100 δορυφόρων
540 2018 736 2101 ἀλαλαγμοῖς
754 2017 819 2078 καί
848 2012 1011 2096 ἐγκωμίων
1040 2016 1171 2086 πλοκαῖς

51 2111 345 2201 καταστεφύμενος
381 2111 423 2192 ὥς
457 2115 607 2199 όριοτεύς
641 2113 880 2198 α’παροίμιλλος,
915 2115 960 2187 είς
990 2110 1046 2196 τήν
1080 2109 1195 2197 πόλιν,

53 2213 299 2301 ἐθριάμβευσε,
321 2217 378 2280 τού
400 2214 499 2300 κόρου
522 2207 581 2301 ἤδη
605 2213 787 2298 ἀνενεγκών,
810 2217 866 2278 καί
885 2216 991 2279 πᾶσαν
1012 2209 1071 2295 τήν
1088 2210 1169 2276 Ῥω-

9 2316 170 2400 2ομαίων
203 2319 310 2402 χαρᾶς
338 2315 392 2381 καί
421 2315 581 2402 θυμηδίας
605 2315 816 2401 πεπλήρωκεν.
867 2313 942 2378 όδέ
962 2311 1000 2378 τό
1024 2315 1170 2396 σκῆπτρα

55 2422 115 2501 τῆς
143 2419 252 2502 ἀρχῆς
285 2420 554 2505 ἐγκεχειρισμένος
579 2415 686 2499 κύριος
707 2416 1089 2499 Βασίλειος,ιοι’νοιφέρων
1109 2413 1169 2494 μὲν
1195 2406 1197 2410 ’

58 2515 118 2581 καί
140 2517 225 2603 πρός
244 2514 278 2582 τό
302 2515 490 2600 τοῦγένους
514 2515 615 2581 αύτού
636 2518 789 2601 ἐπίσημον
810 2516 865 2581 καί
884 2516 1068 2599 περίδοξον,
1090 2512 1171 2582 α’να-
1209 2531 1215 2533 ’

60 2619 179 2703 φέρων
203 2618 239 2683 δὲ
259 2616 314 2681 καί
333 2615 414 2702 πρός
447 2615 504 2695 τός
527 2618 673 2705 πατρῴας
702 2615 941 2702 ἀνδραγαθίας,
960 2613 1015 2680 καί
1034 2610 1092 2699 τήν
1113 2615 1170 2677 τοῦ

65 2959 159 3010 mirati
180 2964 243 3010 sunt
262 2970 321 3007 eum
340 2957 420 3009 valde
442 2964 468 3008 et
487 2956 607 3008 admirati
627 2956 754 3009 virtutem
771 2962 828 3007 tum
845 2954 972 3008 bellicam
987 2959 1042 3005 tum
1060 2953 1088 3003 in
1105 2954 1170 3004 nni.

65 3044 181 3081 versum
195 3028 353 3080 Romanam:
373 3037 400 3079 et
412 3044 502 3079 omnes
516 3027 610 3095 populi
623 3027 757 3078 hominum
769 3028 802 3077 ad
815 3026 865 3077 boc
880 3026 1087 3090 obstupuerunt:
1103 3039 1169 3091 gens

65 3109 160 3152 autem
171 3097 358 3153 Thessalorum
378 3098 526 3151 celebravit
544 3114 609 3164 prae
625 3097 745 3149 omnibus
759 3096 832 3147 urbis
847 3095 1033 3146 liberationem
1050 3094 1169 3161 fecitque

67 3173 120 3223 deo
139 3180 172 3239 'et
190 3186 287 3238 magno
310 3172 420 3237 martyri
441 3170 576 3222 Demetrio
596 3182 671 3222 sacra
689 3167 792 3231 salutis,
812 3167 929 3234 fecitque
949 3166 1028 3216 etiam
1045 3164 1098 3230 ipsi
1116 3164 1169 3214 hu.

67 3244 111 3293 ins
133 3241 236 3293 famulo
248 3242 372 3295 blichaeli
391 3242 546 3293 Botaniatae
566 3241 706 3293 victricem
728 3255 760 3290 ex
779 3238 898 3289 heroicis
917 3235 1104 3287 certaminibus
1122 3249 1168 3286 sa.

68 3314 233 3364 lutaticuem
254 3322 280 3364 et
298 3311 420 3380 gloriam.
458 3312 639 3382 investigabat
658 3316 745 3361 autem
766 3316 941 3378 pugnatorem
959 3314 1065 3359 servata
1081 3305 1114 3356 ab
1134 3319 1168 3355 eo

69 3383 135 3435 urbs
159 3391 187 3434 et
214 3385 301 3435 studio
322 3383 478 3436 instituebat
498 3386 554 3435 eius
574 3382 775 3433 inventionem:
806 3388 885 3447 atque
913 3379 1078 3447 investigans
1109 3392 1168 3427 cnm

70 3469 139 3505 cura
160 3460 187 3503 et
203 3457 404 3521 percursatione
431 3455 512 3507 multa
541 3454 646 3506 invenit
674 3468 732 3504 eum
763 3453 894 3503 iacentem
918 3457 1018 3501 armato
1045 3456 1072 3499 et
1096 3446 1171 3499 virili

70 3526 174 3586 animo,
195 3532 221 3575 et
240 3525 339 3575 lerrum
358 3526 449 3592 digitis
468 3534 602 3577 tenentem
620 3540 708 3592 neque
728 3523 784 3574 ullo
805 3523 882 3574 modo
902 3522 1099 3582 remittentem,
1119 3518 1171 3569 do-

70 3610 125 3647 nec
146 3593 228 3645 multa
257 3596 394 3646 curatione
415 3604 442 3647 et
461 3598 604 3648 artificiosa
624 3596 780 3665 cognitione
798 3593 909 3661 reliquit
928 3593 1026 3658 serrum
1058 3604 1170 3651 manus,

71 3665 210 3734 unguibus
229 3666 317 3717 manui
332 3666 463 3719 adstrictis
487 3669 543 3719 eius
564 3668 653 3718 lurore
666 3666 862 3733 persecutionis
881 3664 1006 3717 bostium.
1044 3662 1102 3728 ipse
1122 3674 1172 3710 an-

73 3746 128 3787 tem
150 3738 275 3788 comitatu
298 3736 441 3789 satellitum
461 3746 487 3789 et
509 3740 628 3790 maximis
648 3736 844 3789 laudationibus
879 3743 905 3785 et
934 3729 1177 3785 exclamationibus
1229 3785 1234 3793 s

75 3816 102 3859 et
121 3808 269 3862 satellitum
289 3807 448 3859 clamoribus
469 3817 496 3859 et
516 3809 621 3861 laudum
640 3810 720 3861 sertis
740 3814 882 3859 coronatus
902 3814 931 3856 ut
954 3804 1035 3856 beros
1059 3805 1172 3869 insupe-

74 3878 170 3931 rabilis
188 3880 279 3932 urbem
299 3879 359 3933 Cari
378 3879 542 3946 triumphans
561 3880 670 3932 intravit
688 3882 740 3931 iam
755 3878 872 3929 relectus
893 3884 919 3927 et
941 3890 1046 3926 omnem
1072 3874 1172 3930 Roma·
1203 3925 1206 3928 .
1243 3897 1245 3900 ·

75 3964 170 4002 norum
188 3959 284 4003 terram
305 3951 402 4018 gaudio
430 3959 456 4002 et
484 3949 618 4002 hilaritate
643 3951 776 4017 implevit,
820 3954 926 4013 sceptro
955 3953 1041 3998 autem
1066 3945 1172 4011 imperii

52 4067 56 4085 ,
76 4022 210 4086 praeditus
230 4024 350 4074 dominus
368 4022 494 4086 Basilius,
514 4022 662 4090 respiciens
683 4028 709 4072 et
728 4020 835 4087 generis
850 4020 908 4070 eius
918 4018 1087 4084 splendorem
1106 4016 1170 4084 glo.

75 4093 205 4161 ritumque,
225 4102 252 4145 ct
267 4102 390 4162 paternas
411 4094 557 4160 victorias,
585 4102 664 4161 atque
690 4091 839 4159 praesentis
868 4089 931 4141 lacti
954 4089 1097 4141 admiratus
1124 4088 1169 4138 in-

78 4164 280 4231 comparabilem
296 4166 503 4237 magnitudinem
520 4165 603 4221 filium
624 4180 682 4219 eum
700 4162 869 4218 renuntiabat
888 4169 915 4213 et
932 4160 1075 4215 membrum
1085 4173 1170 4223 suum,
