<?xml version="1.0" encoding="UTF-8"?>
<!DOCTYPE html PUBLIC "-//W3C//DTD XHTML 1.0 Transitional//EN"
    "http://www.w3.org/TR/xhtml1/DTD/xhtml1-transitional.dtd">
<html xmlns="http://www.w3.org/1999/xhtml" xml:lang="en" lang="en">
 <head>
  <title>
</title>
<meta http-equiv="Content-Type" content="text/html;charset=utf-8" />
  <meta name='ocr-system' content='tesseract 3.04.00' />
  <meta name='ocr-capabilities' content='ocr_page ocr_carea ocr_par ocr_line ocrx_word'/>
</head>
<body>
  <div class='ocr_page' id='page_1' title='image "./corpusscriptoru24theogoog/corpusscriptoru24theogoog_0097.png"; bbox 0 0 2834 4750; ppageno 0'>
   <div class='ocr_carea' id='block_1_1' title="bbox 529 256 1277 365">
    <p class='ocr_par' dir='ltr' id='par_1_1' title="bbox 529 256 1277 365">
     <span class='ocr_line' id='line_1_1' title="bbox 529 256 1277 365; baseline -0.005 -31"><span class='ocrx_word' id='word_1_1' title='bbox 529 267 737 334; x_wconf 80' lang='lat' dir='ltr'><strong>nrsronrn.</strong></span> <span class='ocrx_word' id='word_1_2' title='bbox 821 278 824 282; x_wconf 50' lang='grc'>“</span> <span class='ocrx_word' id='word_1_3' title='bbox 1110 256 1186 331; x_wconf 75' lang='lat' dir='ltr'><strong>tt·</strong></span> <span class='ocrx_word' id='word_1_4' title='bbox 1273 356 1277 365; x_wconf 16' lang='lat' dir='ltr'>f</span> 
     </span>
    </p>
   </div>
   <div class='ocr_carea' id='block_1_2' title="bbox 19 424 1211 2425">
    <p class='ocr_par' dir='ltr' id='par_1_2' title="bbox 19 424 1211 2425">
     <span class='ocr_line' id='line_1_2' title="bbox 78 424 1184 514; baseline -0.007 -20"><span class='ocrx_word' id='word_1_5' title='bbox 78 429 136 494; x_wconf 88' lang='grc' dir='ltr'><strong><em>τὸν</em></strong></span> <span class='ocrx_word' id='word_1_6' title='bbox 158 429 291 509; x_wconf 76' lang='grc' dir='ltr'><strong><em>βασιλέα</em></strong></span> <span class='ocrx_word' id='word_1_7' title='bbox 321 424 476 491; x_wconf 85' lang='grc' dir='ltr'><strong><em>κατιόντα</em></strong></span> <span class='ocrx_word' id='word_1_8' title='bbox 498 429 541 514; x_wconf 76' lang='grc' dir='ltr'><strong><em>τῷ</em></strong></span> <span class='ocrx_word' id='word_1_9' title='bbox 569 429 712 512; x_wconf 75' lang='grc' dir='ltr'><strong><em>κυδοιμῷ</em></strong></span> <span class='ocrx_word' id='word_1_10' title='bbox 739 429 1008 512; x_wconf 78' lang='grc' dir='ltr'><strong><em>κατεπτοημίνεν,</em></strong></span> <span class='ocrx_word' id='word_1_11' title='bbox 1030 424 1184 508; x_wconf 76' lang='grc' dir='ltr'><strong><em>καὶπρὸς</em></strong></span> 
     </span>
     <span class='ocr_line' id='line_1_3' title="bbox 79 525 1186 614; baseline -0.005 -20"><span class='ocrx_word' id='word_1_12' title='bbox 79 531 121 594; x_wconf 87' lang='grc' dir='ltr'><strong><em>τά</em></strong></span> <span class='ocrx_word' id='word_1_13' title='bbox 136 534 284 611; x_wconf 84' lang='grc' dir='ltr'><strong><em>βασίλεια</em></strong></span> <span class='ocrx_word' id='word_1_14' title='bbox 296 531 451 609; x_wconf 77' lang='grc' dir='ltr'><strong><em>μέλλοντα</em></strong></span> <span class='ocrx_word' id='word_1_15' title='bbox 466 531 704 612; x_wconf 78' lang='grc' dir='ltr'><strong><em>παραγενέσθαι</em></strong></span> <span class='ocrx_word' id='word_1_16' title='bbox 719 530 774 591; x_wconf 99' lang='grc' dir='ltr'><strong><em>καί</em></strong></span> <span class='ocrx_word' id='word_1_17' title='bbox 785 530 1086 614; x_wconf 79' lang='grc' dir='ltr'><strong><em>κατασραλισθῆναι</em></strong></span> <span class='ocrx_word' id='word_1_18' title='bbox 1104 525 1186 610; x_wconf 80' lang='grc' dir='ltr'><strong><em>πρός</em></strong></span> 
     </span>
     <span class='ocr_line' id='line_1_4' title="bbox 78 621 1186 714; baseline -0.004 -18"><span class='ocrx_word' id='word_1_19' title='bbox 78 629 141 714; x_wconf 87' lang='grc' dir='ltr'><strong><em>τῆν</em></strong></span> <span class='ocrx_word' id='word_1_20' title='bbox 168 627 354 713; x_wconf 80' lang='grc' dir='ltr'><strong><em>ε’πιβουλῆν,</em></strong></span> <span class='ocrx_word' id='word_1_21' title='bbox 383 627 401 690; x_wconf 85' lang='grc' dir='ltr'>ὃ</span> <span class='ocrx_word' id='word_1_22' title='bbox 430 629 553 704; x_wconf 85' lang='grc' dir='ltr'><strong><em>πάντως</em></strong></span> <span class='ocrx_word' id='word_1_23' title='bbox 583 627 762 711; x_wconf 83' lang='grc' dir='ltr'><strong><em>ἀναγκαίοις</em></strong></span> <span class='ocrx_word' id='word_1_24' title='bbox 791 629 921 712; x_wconf 88' lang='grc' dir='ltr'><strong><em>ποιῆσαι</em></strong></span> <span class='ocrx_word' id='word_1_25' title='bbox 950 633 1061 694; x_wconf 76' lang='grc' dir='ltr'><strong><em>τοῦτον</em></strong></span> <span class='ocrx_word' id='word_1_26' title='bbox 1089 621 1186 710; x_wconf 75' lang='grc' dir='ltr'><strong><em>προό-</em></strong></span> 
     </span>
     <span class='ocr_line' id='line_1_5' title="bbox 79 721 1186 815; baseline -0.002 -22"><span class='ocrx_word' id='word_1_27' title='bbox 79 753 192 815; x_wconf 81' lang='grc' dir='ltr'><strong><em>κειτο,</em></strong></span> <span class='ocrx_word' id='word_1_28' title='bbox 220 729 436 805; x_wconf 70' lang='grc' dir='ltr'><strong><em>ὑποδέξωνται</em></strong></span> <span class='ocrx_word' id='word_1_29' title='bbox 467 739 532 805; x_wconf 81' lang='grc' dir='ltr'><strong><em>τοῖς</em></strong></span> <span class='ocrx_word' id='word_1_30' title='bbox 561 725 684 794; x_wconf 76' lang='grc' dir='ltr'><strong><em>ἑαυτῶν</em></strong></span> <span class='ocrx_word' id='word_1_31' title='bbox 712 721 857 802; x_wconf 74' lang='grc' dir='ltr'><strong><em>α’κατίὀις</em></strong></span> <span class='ocrx_word' id='word_1_32' title='bbox 884 727 939 794; x_wconf 86' lang='grc' dir='ltr'><strong><em>καί</em></strong></span> <span class='ocrx_word' id='word_1_33' title='bbox 968 729 1111 812; x_wconf 84' lang='grc' dir='ltr'><strong><em>πελάγιοι</em></strong></span> <span class='ocrx_word' id='word_1_34' title='bbox 1130 751 1186 811; x_wconf 87' lang='grc' dir='ltr'><strong><em>γε-</em></strong></span> 
     </span>
     <span class='ocr_line' id='line_1_6' title="bbox 40 823 1186 918; baseline 0 -22"><span class='ocrx_word' id='word_1_35' title='bbox 40 833 212 913; x_wconf 82' lang='grc' dir='ltr'><strong><em>5νὸμενοι</em></strong></span> <span class='ocrx_word' id='word_1_36' title='bbox 243 831 287 917; x_wconf 76' lang='grc' dir='ltr'><strong><em>τῷ</em></strong></span> <span class='ocrx_word' id='word_1_37' title='bbox 324 835 418 918; x_wconf 75' lang='grc' dir='ltr'><strong><em>βυθῷ</em></strong></span> <span class='ocrx_word' id='word_1_38' title='bbox 450 830 691 914; x_wconf 81' lang='grc' dir='ltr'><strong><em>παραδώσουσι.</em></strong></span> <span class='ocrx_word' id='word_1_39' title='bbox 745 832 800 896; x_wconf 83' lang='grc' dir='ltr'><strong><em>καί</em></strong></span> <span class='ocrx_word' id='word_1_40' title='bbox 836 823 875 913; x_wconf 85' lang='grc' dir='ltr'><strong><em>ῆν</em></strong></span> <span class='ocrx_word' id='word_1_41' title='bbox 905 830 924 914; x_wconf 68' lang='lat' dir='ltr'><strong><em>&#39;l</em></strong></span> <span class='ocrx_word' id='word_1_42' title='bbox 954 829 1062 913; x_wconf 85' lang='grc' dir='ltr'><strong><em>γνῶμη</em></strong></span> <span class='ocrx_word' id='word_1_43' title='bbox 1098 830 1186 914; x_wconf 86' lang='grc' dir='ltr'><strong><em>όεινῆ</em></strong></span> 
     </span>
     <span class='ocr_line' id='line_1_7' title="bbox 77 919 1190 1015; baseline -0.002 -19"><span class='ocrx_word' id='word_1_44' title='bbox 77 956 132 1006; x_wconf 88' lang='grc' dir='ltr'><strong><em>τις</em></strong></span> <span class='ocrx_word' id='word_1_45' title='bbox 163 933 218 994; x_wconf 83' lang='grc' dir='ltr'><strong><em>καί</em></strong></span> <span class='ocrx_word' id='word_1_46' title='bbox 237 923 390 1015; x_wconf 77' lang='grc' dir='ltr'><strong><em>ἄφυκτος,</em></strong></span> <span class='ocrx_word' id='word_1_47' title='bbox 415 929 470 995; x_wconf 86' lang='grc' dir='ltr'><strong><em>καί</em></strong></span> <span class='ocrx_word' id='word_1_48' title='bbox 497 931 698 1012; x_wconf 78' lang='grc' dir='ltr'><strong><em>πανταχόθεν</em></strong></span> <span class='ocrx_word' id='word_1_49' title='bbox 727 932 869 1014; x_wconf 78' lang='grc' dir='ltr'><strong><em>σοβοὺσα</em></strong></span> <span class='ocrx_word' id='word_1_50' title='bbox 900 928 934 993; x_wconf 83' lang='grc' dir='ltr'><strong><em>τό</em></strong></span> <span class='ocrx_word' id='word_1_51' title='bbox 971 919 1106 1013; x_wconf 89' lang='grc' dir='ltr'><strong><em>θῆραμα</em></strong></span> <span class='ocrx_word' id='word_1_52' title='bbox 1135 926 1190 994; x_wconf 81' lang='grc' dir='ltr'><strong><em>καί</em></strong></span> 
     </span>
     <span class='ocr_line' id='line_1_8' title="bbox 78 1027 1188 1116; baseline -0.002 -20"><span class='ocrx_word' id='word_1_53' title='bbox 78 1031 273 1106; x_wconf 77' lang='grc' dir='ltr'><strong><em>πλεκτάναις</em></strong></span> <span class='ocrx_word' id='word_1_54' title='bbox 304 1033 383 1096; x_wconf 89' lang='grc' dir='ltr'><strong><em>κατά</em></strong></span> <span class='ocrx_word' id='word_1_55' title='bbox 405 1056 440 1114; x_wconf 85' lang='grc' dir='ltr'><strong><em>γε</em></strong></span> <span class='ocrx_word' id='word_1_56' title='bbox 468 1031 525 1114; x_wconf 85' lang='grc' dir='ltr'><strong><em>τῆν</em></strong></span> <span class='ocrx_word' id='word_1_57' title='bbox 552 1027 954 1116; x_wconf 77' lang='grc' dir='ltr'><strong><em>άνθριοπινηνάσθένειαν</em></strong></span> <span class='ocrx_word' id='word_1_58' title='bbox 979 1029 1092 1094; x_wconf 79' lang='grc' dir='ltr'><strong><em>τοῦτον</em></strong></span> <span class='ocrx_word' id='word_1_59' title='bbox 1112 1052 1188 1112; x_wconf 85' lang='grc' dir='ltr'><strong><em>συγ·</em></strong></span> 
     </span>
     <span class='ocr_line' id='line_1_9' title="bbox 78 1130 1188 1217; baseline -0.005 -19"><span class='ocrx_word' id='word_1_60' title='bbox 78 1135 324 1216; x_wconf 85' lang='grc' dir='ltr'><strong><em>κατασχεθῆναι</em></strong></span> <span class='ocrx_word' id='word_1_61' title='bbox 354 1136 409 1196; x_wconf 85' lang='grc' dir='ltr'><strong><em>καί</em></strong></span> <span class='ocrx_word' id='word_1_62' title='bbox 437 1136 621 1217; x_wconf 73' lang='grc' dir='ltr'><strong><em>θηραθῆναι</em></strong></span> <span class='ocrx_word' id='word_1_63' title='bbox 653 1130 848 1215; x_wconf 89' lang='grc' dir='ltr'><strong><em>συνάγουσα.</em></strong></span> <span class='ocrx_word' id='word_1_64' title='bbox 901 1133 958 1196; x_wconf 83' lang='grc' dir='ltr'><strong><em>τοὺ</em></strong></span> <span class='ocrx_word' id='word_1_65' title='bbox 988 1133 1023 1195; x_wconf 77' lang='grc' dir='ltr'><strong><em>δὲ</em></strong></span> <span class='ocrx_word' id='word_1_66' title='bbox 1059 1132 1188 1195; x_wconf 87' lang='grc' dir='ltr'><strong><em>διασκε-</em></strong></span> 
     </span>
     <span class='ocr_line' id='line_1_10' title="bbox 82 1230 1189 1317; baseline -0.004 -19"><span class='ocrx_word' id='word_1_67' title='bbox 82 1233 234 1312; x_wconf 83' lang='grc' dir='ltr'><strong><em>δάζοντος</em></strong></span> <span class='ocrx_word' id='word_1_68' title='bbox 265 1232 385 1314; x_wconf 78' lang='grc' dir='ltr'><strong><em>βουλάς</em></strong></span> <span class='ocrx_word' id='word_1_69' title='bbox 423 1237 525 1298; x_wconf 82' lang='grc' dir='ltr'><strong><em>ε’θνῶν</em></strong></span> <span class='ocrx_word' id='word_1_70' title='bbox 559 1231 614 1298; x_wconf 85' lang='grc' dir='ltr'><strong><em>καί</em></strong></span> <span class='ocrx_word' id='word_1_71' title='bbox 642 1231 811 1317; x_wconf 82' lang='grc' dir='ltr'><strong><em>λογισμοός</em></strong></span> <span class='ocrx_word' id='word_1_72' title='bbox 848 1232 1041 1306; x_wconf 82' lang='grc' dir='ltr'><strong><em>α’θετοῶντος</em></strong></span> <span class='ocrx_word' id='word_1_73' title='bbox 1067 1230 1189 1314; x_wconf 84' lang='grc' dir='ltr'><strong><em>άρχόκ-</em></strong></span> 
     </span>
     <span class='ocr_line' id='line_1_11' title="bbox 19 1329 1211 1418; baseline -0.004 -18"><span class='ocrx_word' id='word_1_74' title='bbox 19 1336 149 1400; x_wconf 75' lang='grc' dir='ltr'><strong><em>1Οτοον</em></strong></span> <span class='ocrx_word' id='word_1_75' title='bbox 181 1334 309 1417; x_wconf 84' lang='grc' dir='ltr'><strong><em>Κυρίου</em></strong></span> <span class='ocrx_word' id='word_1_76' title='bbox 335 1333 560 1416; x_wconf 83' lang='grc' dir='ltr'><strong><em>οἷπερίτρεπτος</em></strong></span> <span class='ocrx_word' id='word_1_77' title='bbox 596 1339 736 1416; x_wconf 83' lang='grc' dir='ltr'><strong><em>μένουσα</em></strong></span> <span class='ocrx_word' id='word_1_78' title='bbox 764 1329 782 1418; x_wconf 85' lang='grc' dir='ltr'><strong><em>ῆ</em></strong></span> <span class='ocrx_word' id='word_1_79' title='bbox 811 1332 911 1415; x_wconf 80' lang='grc' dir='ltr'><strong><em>βουλῆ</em></strong></span> <span class='ocrx_word' id='word_1_80' title='bbox 943 1330 1000 1406; x_wconf 87' lang='grc' dir='ltr'><strong><em>τάς</em></strong></span> <span class='ocrx_word' id='word_1_81' title='bbox 1025 1335 1088 1402; x_wconf 87' lang='grc' dir='ltr'><strong><em>τῶν</em></strong></span> <span class='ocrx_word' id='word_1_82' title='bbox 1116 1335 1211 1414; x_wconf 65' lang='grc' dir='ltr'><strong><em>γηίι.</em></strong></span> 
     </span>
     <span class='ocr_line' id='line_1_12' title="bbox 82 1431 1185 1518; baseline -0.002 -20"><span class='ocrx_word' id='word_1_83' title='bbox 82 1457 147 1498; x_wconf 85' lang='grc' dir='ltr'><strong><em>νων</em></strong></span> <span class='ocrx_word' id='word_1_84' title='bbox 168 1438 343 1515; x_wconf 87' lang='grc' dir='ltr'><strong><em>σκαιοιριάς</em></strong></span> <span class='ocrx_word' id='word_1_85' title='bbox 365 1435 561 1518; x_wconf 83' lang='grc' dir='ltr'><strong><em>παρόσφαλε,</em></strong></span> <span class='ocrx_word' id='word_1_86' title='bbox 584 1437 639 1498; x_wconf 79' lang='grc' dir='ltr'><strong><em>καί</em></strong></span> <span class='ocrx_word' id='word_1_87' title='bbox 660 1438 736 1516; x_wconf 87' lang='grc' dir='ltr'><strong><em>παρ’</em></strong></span> <span class='ocrx_word' id='word_1_88' title='bbox 753 1436 867 1498; x_wconf 82' lang='grc' dir='ltr'><strong><em>ε’λπίδα</em></strong></span> <span class='ocrx_word' id='word_1_89' title='bbox 887 1431 943 1515; x_wconf 90' lang='grc' dir='ltr'><strong><em>τῆν</em></strong></span> <span class='ocrx_word' id='word_1_90' title='bbox 964 1432 1123 1517; x_wconf 82' lang='grc' dir='ltr'><strong><em>σωτηρίαν</em></strong></span> <span class='ocrx_word' id='word_1_91' title='bbox 1142 1432 1185 1518; x_wconf 73' lang='grc' dir='ltr'><strong><em>τῷ</em></strong></span> 
     </span>
     <span class='ocr_line' id='line_1_13' title="bbox 81 1528 1187 1620; baseline -0.003 -23"><span class='ocrx_word' id='word_1_92' title='bbox 81 1532 313 1620; x_wconf 78' lang='grc' dir='ltr'><strong><em>άπεγνιοομόνιμ</em></strong></span> <span class='ocrx_word' id='word_1_93' title='bbox 329 1536 549 1614; x_wconf 87' lang='grc' dir='ltr'><strong><em>πανταρχικῶς</em></strong></span> <span class='ocrx_word' id='word_1_94' title='bbox 565 1536 749 1618; x_wconf 76' lang='grc' dir='ltr'><strong><em>ἐχαρίσατο.</em></strong></span> <span class='ocrx_word' id='word_1_95' title='bbox 772 1528 814 1608; x_wconf 89' lang='grc' dir='ltr'><strong><em>ῶς</em></strong></span> <span class='ocrx_word' id='word_1_96' title='bbox 834 1533 896 1617; x_wconf 83' lang='grc' dir='ltr'><strong><em>γὰρ</em></strong></span> <span class='ocrx_word' id='word_1_97' title='bbox 917 1531 1062 1616; x_wconf 85' lang='grc' dir='ltr'><strong><em>ἧστάσις</em></strong></span> <span class='ocrx_word' id='word_1_98' title='bbox 1085 1531 1187 1616; x_wconf 76' lang='grc' dir='ltr'><strong><em>ἀνῆψε</em></strong></span> 
     </span>
     <span class='ocr_line' id='line_1_14' title="bbox 81 1629 1188 1718; baseline -0.002 -21"><span class='ocrx_word' id='word_1_99' title='bbox 81 1637 141 1697; x_wconf 83' lang='grc' dir='ltr'><strong><em>καί</em></strong></span> <span class='ocrx_word' id='word_1_100' title='bbox 175 1631 316 1716; x_wconf 79' lang='grc' dir='ltr'><strong><em>θόρυβος</em></strong></span> <span class='ocrx_word' id='word_1_101' title='bbox 349 1633 559 1718; x_wconf 87' lang='grc' dir='ltr'><strong><em>άνερριπίσθη</em></strong></span> <span class='ocrx_word' id='word_1_102' title='bbox 580 1635 698 1716; x_wconf 78' lang='grc' dir='ltr'><strong><em>πολύς,</em></strong></span> <span class='ocrx_word' id='word_1_103' title='bbox 723 1637 812 1700; x_wconf 79' lang='grc' dir='ltr'><strong><em>αἵτε</em></strong></span> <span class='ocrx_word' id='word_1_104' title='bbox 835 1639 978 1718; x_wconf 81' lang='grc' dir='ltr'><strong><em>α’γγελιάι</em></strong></span> <span class='ocrx_word' id='word_1_105' title='bbox 1001 1629 1188 1718; x_wconf 72' lang='grc' dir='ltr'><strong><em>φθάνουσαι</em></strong></span> 
     </span>
     <span class='ocr_line' id='line_1_15' title="bbox 81 1727 1189 1823; baseline -0.001 -26"><span class='ocrx_word' id='word_1_106' title='bbox 81 1728 180 1817; x_wconf 77' lang='grc' dir='ltr'><strong><em>ἓτόρα</em></strong></span> <span class='ocrx_word' id='word_1_107' title='bbox 203 1733 259 1816; x_wconf 84' lang='grc' dir='ltr'><strong><em>τῆν</em></strong></span> <span class='ocrx_word' id='word_1_108' title='bbox 281 1729 389 1818; x_wconf 73' lang='grc' dir='ltr'><strong><em>ἑτέραν</em></strong></span> <span class='ocrx_word' id='word_1_109' title='bbox 408 1737 452 1822; x_wconf 76' lang='grc' dir='ltr'><strong><em>τῷ</em></strong></span> <span class='ocrx_word' id='word_1_110' title='bbox 472 1739 603 1816; x_wconf 75' lang='grc' dir='ltr'><strong><em>βασιλεῖ</em></strong></span> <span class='ocrx_word' id='word_1_111' title='bbox 612 1739 853 1823; x_wconf 81' lang='grc' dir='ltr'><strong><em>προσεφοίτησε,</em></strong></span> <span class='ocrx_word' id='word_1_112' title='bbox 875 1735 961 1801; x_wconf 85' lang='grc' dir='ltr'><strong><em>καίὺ</em></strong></span> <span class='ocrx_word' id='word_1_113' title='bbox 984 1737 1083 1819; x_wconf 86' lang='grc' dir='ltr'><strong><em>δῆμος</em></strong></span> <span class='ocrx_word' id='word_1_114' title='bbox 1105 1727 1189 1809; x_wconf 84' lang='grc' dir='ltr'><strong><em>άπας</em></strong></span> 
     </span>
     <span class='ocr_line' id='line_1_16' title="bbox 27 1833 1185 1920; baseline -0.002 -20"><span class='ocrx_word' id='word_1_115' title='bbox 27 1837 75 1900; x_wconf 74' lang='grc'><strong><em>15</em></strong></span> <span class='ocrx_word' id='word_1_116' title='bbox 82 1843 302 1920; x_wconf 82' lang='grc' dir='ltr'><strong><em>συνεκροτεῖτο</em></strong></span> <span class='ocrx_word' id='word_1_117' title='bbox 319 1835 373 1900; x_wconf 82' lang='grc' dir='ltr'><strong><em>καί</em></strong></span> <span class='ocrx_word' id='word_1_118' title='bbox 392 1837 627 1920; x_wconf 82' lang='grc' dir='ltr'><strong><em>συνηθροίζετο,</em></strong></span> <span class='ocrx_word' id='word_1_119' title='bbox 649 1837 703 1901; x_wconf 94' lang='grc' dir='ltr'><strong><em>καί</em></strong></span> <span class='ocrx_word' id='word_1_120' title='bbox 717 1840 861 1920; x_wconf 81' lang='grc' dir='ltr'><strong><em>ταραχῆς</em></strong></span> <span class='ocrx_word' id='word_1_121' title='bbox 876 1837 1032 1920; x_wconf 72' lang='grc' dir='ltr'><strong><em>’ὑπῆρχον</em></strong></span> <span class='ocrx_word' id='word_1_122' title='bbox 1041 1833 1083 1899; x_wconf 86' lang='grc' dir='ltr'><strong><em>τά</em></strong></span> <span class='ocrx_word' id='word_1_123' title='bbox 1105 1833 1185 1900; x_wconf 87' lang='grc' dir='ltr'><strong><em>κατά</em></strong></span> 
     </span>
     <span class='ocr_line' id='line_1_17' title="bbox 82 1927 1188 2022; baseline -0.002 -22"><span class='ocrx_word' id='word_1_124' title='bbox 82 1934 145 2018; x_wconf 88' lang='grc' dir='ltr'><strong><em>τῆν</em></strong></span> <span class='ocrx_word' id='word_1_125' title='bbox 168 1933 259 2000; x_wconf 84' lang='grc' dir='ltr'><strong><em>πόλιν</em></strong></span> <span class='ocrx_word' id='word_1_126' title='bbox 281 1929 444 2017; x_wconf 88' lang='grc' dir='ltr'><strong><em>άνάμεστα</em></strong></span> <span class='ocrx_word' id='word_1_127' title='bbox 467 1941 522 2000; x_wconf 83' lang='grc' dir='ltr'><strong><em>καί</em></strong></span> <span class='ocrx_word' id='word_1_128' title='bbox 542 1935 728 2022; x_wconf 82' lang='grc' dir='ltr'><strong><em>συγχόσεοος</em></strong></span> <span class='ocrx_word' id='word_1_129' title='bbox 757 1936 1037 2016; x_wconf 78' lang='grc' dir='ltr'><strong><em>συσκευασάμενος</em></strong></span> <span class='ocrx_word' id='word_1_130' title='bbox 1059 1927 1188 2010; x_wconf 81' lang='grc' dir='ltr'><strong><em>οὑτοςὺ</em></strong></span> 
     </span>
     <span class='ocr_line' id='line_1_18' title="bbox 82 2032 1190 2127; baseline 0 -27"><span class='ocrx_word' id='word_1_131' title='bbox 82 2035 237 2118; x_wconf 75' lang='grc' dir='ltr'><strong><em>βασιλεῦς</em></strong></span> <span class='ocrx_word' id='word_1_132' title='bbox 273 2032 340 2118; x_wconf 81' lang='grc' dir='ltr'><strong><em>ὑμα</em></strong></span> <span class='ocrx_word' id='word_1_133' title='bbox 369 2039 408 2123; x_wconf 79' lang='grc' dir='ltr'><strong><em>τῇ</em></strong></span> <span class='ocrx_word' id='word_1_134' title='bbox 438 2037 609 2127; x_wconf 80' lang='grc' dir='ltr'><strong><em>Αὑγοόστη</em></strong></span> <span class='ocrx_word' id='word_1_135' title='bbox 639 2041 694 2102; x_wconf 85' lang='grc' dir='ltr'><strong><em>καί</em></strong></span> <span class='ocrx_word' id='word_1_136' title='bbox 713 2045 778 2112; x_wconf 76' lang='grc' dir='ltr'><strong><em>τοῖς</em></strong></span> <span class='ocrx_word' id='word_1_137' title='bbox 805 2040 839 2115; x_wconf 77' lang='grc' dir='ltr'><strong><em>ἐξ</em></strong></span> <span class='ocrx_word' id='word_1_138' title='bbox 868 2036 974 2101; x_wconf 84' lang='grc' dir='ltr'><strong><em>αὑτῶν</em></strong></span> <span class='ocrx_word' id='word_1_139' title='bbox 994 2041 1190 2121; x_wconf 80' lang='grc' dir='ltr'><strong><em>γεννηθεῖσιν</em></strong></span> 
     </span>
     <span class='ocr_line' id='line_1_19' title="bbox 84 2132 1190 2222; baseline 0 -24"><span class='ocrx_word' id='word_1_140' title='bbox 84 2137 133 2209; x_wconf 80' lang='grc' dir='ltr'><strong><em>εἰς</em></strong></span> <span class='ocrx_word' id='word_1_141' title='bbox 157 2132 213 2219; x_wconf 87' lang='grc' dir='ltr'><strong><em>τῆν</em></strong></span> <span class='ocrx_word' id='word_1_142' title='bbox 232 2140 353 2218; x_wconf 88' lang='grc' dir='ltr'><strong><em>γείτονα</em></strong></span> <span class='ocrx_word' id='word_1_143' title='bbox 376 2141 531 2222; x_wconf 86' lang='grc' dir='ltr'><strong><em>κατῆλθον</em></strong></span> <span class='ocrx_word' id='word_1_144' title='bbox 563 2137 674 2222; x_wconf 84' lang='grc' dir='ltr'><strong><em>α’κτῆν,</em></strong></span> <span class='ocrx_word' id='word_1_145' title='bbox 705 2140 761 2201; x_wconf 80' lang='grc' dir='ltr'><strong><em>καί</em></strong></span> <span class='ocrx_word' id='word_1_146' title='bbox 781 2136 825 2221; x_wconf 88' lang='grc' dir='ltr'><strong><em>μῆ</em></strong></span> <span class='ocrx_word' id='word_1_147' title='bbox 849 2134 993 2221; x_wconf 74' lang='grc' dir='ltr'><strong><em>εὑρόντες</em></strong></span> <span class='ocrx_word' id='word_1_148' title='bbox 1014 2138 1076 2203; x_wconf 83' lang='grc' dir='ltr'><strong><em>τῶν</em></strong></span> <span class='ocrx_word' id='word_1_149' title='bbox 1095 2141 1190 2217; x_wconf 83' lang='grc' dir='ltr'><strong><em>βασι-</em></strong></span> 
     </span>
     <span class='ocr_line' id='line_1_20' title="bbox 86 2229 1191 2325; baseline -0.001 -25"><span class='ocrx_word' id='word_1_150' title='bbox 86 2238 185 2301; x_wconf 92' lang='grc' dir='ltr'><strong><em>λικῶν</em></strong></span> <span class='ocrx_word' id='word_1_151' title='bbox 206 2229 322 2301; x_wconf 83' lang='grc' dir='ltr'><strong><em>πλοίων</em></strong></span> <span class='ocrx_word' id='word_1_152' title='bbox 345 2238 415 2302; x_wconf 85' lang='grc' dir='ltr'><strong><em>τινά</em></strong></span> <span class='ocrx_word' id='word_1_153' title='bbox 437 2241 482 2314; x_wconf 86' lang='grc' dir='ltr'><strong><em>εἰς</em></strong></span> <span class='ocrx_word' id='word_1_154' title='bbox 504 2237 539 2302; x_wconf 89' lang='grc' dir='ltr'><strong><em>τό</em></strong></span> <span class='ocrx_word' id='word_1_155' title='bbox 570 2241 792 2325; x_wconf 88' lang='grc' dir='ltr'><strong><em>προοσρμίσαν</em></strong></span> <span class='ocrx_word' id='word_1_156' title='bbox 811 2240 881 2303; x_wconf 79' lang='grc' dir='ltr'><strong><em>νόον</em></strong></span> <span class='ocrx_word' id='word_1_157' title='bbox 910 2234 1047 2312; x_wconf 76' lang='grc' dir='ltr'><strong><em>ἔκτικας</em></strong></span> <span class='ocrx_word' id='word_1_158' title='bbox 1069 2232 1191 2322; x_wconf 87' lang='grc' dir='ltr'><strong><em>άπροό-</em></strong></span> 
     </span>
     <span class='ocr_line' id='line_1_21' title="bbox 32 2331 1191 2425; baseline 0 -24"><span class='ocrx_word' id='word_1_159' title='bbox 32 2353 168 2409; x_wconf 69' lang='lat' dir='ltr'><strong>aomos</strong></span> <span class='ocrx_word' id='word_1_160' title='bbox 191 2334 245 2403; x_wconf 83' lang='grc' dir='ltr'><strong><em>καί</em></strong></span> <span class='ocrx_word' id='word_1_161' title='bbox 259 2339 372 2425; x_wconf 52' lang='grc' dir='ltr'><strong><em>,δεξιᾶς</em></strong></span> <span class='ocrx_word' id='word_1_162' title='bbox 391 2338 501 2424; x_wconf 81' lang='grc' dir='ltr'><strong><em>τύχης,</em></strong></span> <span class='ocrx_word' id='word_1_163' title='bbox 521 2343 642 2422; x_wconf 81' lang='grc' dir='ltr'><strong><em>μᾶλλον</em></strong></span> <span class='ocrx_word' id='word_1_164' title='bbox 665 2341 700 2405; x_wconf 82' lang='grc' dir='ltr'><strong><em>δὲ</em></strong></span> <span class='ocrx_word' id='word_1_165' title='bbox 715 2339 866 2422; x_wconf 86' lang='grc' dir='ltr'><strong><em>προνοίας</em></strong></span> <span class='ocrx_word' id='word_1_166' title='bbox 888 2331 1028 2424; x_wconf 85' lang='grc' dir='ltr'><strong><em>άρρήτου</em></strong></span> <span class='ocrx_word' id='word_1_167' title='bbox 1046 2338 1191 2422; x_wconf 57' lang='grc' dir='ltr'><strong><em>θελῆματ</em></strong></span> 
     </span>
    </p>
   </div>
   <div class='ocr_carea' id='block_1_3' title="bbox 85 2437 1293 2526">
    <p class='ocr_par' dir='ltr' id='par_1_3' title="bbox 85 2437 1293 2526">
     <span class='ocr_line' id='line_1_22' title="bbox 85 2437 1293 2526; baseline 0 -23"><span class='ocrx_word' id='word_1_168' title='bbox 85 2462 152 2517; x_wconf 88' lang='grc' dir='ltr'><strong><em>τος,</em></strong></span> <span class='ocrx_word' id='word_1_169' title='bbox 174 2439 357 2523; x_wconf 86' lang='grc' dir='ltr'><strong><em>άρχσντιιιὸν</em></strong></span> <span class='ocrx_word' id='word_1_170' title='bbox 377 2440 554 2526; x_wconf 86' lang='grc' dir='ltr'><strong><em>πλοιάριον,</em></strong></span> <span class='ocrx_word' id='word_1_171' title='bbox 573 2442 616 2517; x_wconf 85' lang='grc' dir='ltr'><strong><em>ῶς</em></strong></span> <span class='ocrx_word' id='word_1_172' title='bbox 638 2437 724 2525; x_wconf 84' lang='grc' dir='ltr'><strong><em>εἶχον</em></strong></span> <span class='ocrx_word' id='word_1_173' title='bbox 747 2443 899 2526; x_wconf 87' lang='grc' dir='ltr'><strong><em>σπουδῆς,</em></strong></span> <span class='ocrx_word' id='word_1_174' title='bbox 919 2440 1090 2525; x_wconf 78' lang='grc' dir='ltr'><strong><em>άνίβησαν.</em></strong></span> <span class='ocrx_word' id='word_1_175' title='bbox 1132 2438 1188 2504; x_wconf 80' lang='grc' dir='ltr'><strong><em>καί</em></strong></span> <span class='ocrx_word' id='word_1_176' title='bbox 1283 2452 1293 2476; x_wconf 72' lang='lat'><strong>⁵</strong></span> 
     </span>
    </p>
   </div>
   <div class='ocr_carea' id='block_1_4' title="bbox 84 2538 1192 2833">
    <p class='ocr_par' dir='ltr' id='par_1_4' title="bbox 84 2538 1192 2833">
     <span class='ocr_line' id='line_1_23' title="bbox 84 2538 1191 2628; baseline -0.002 -22"><span class='ocrx_word' id='word_1_177' title='bbox 84 2541 148 2606; x_wconf 87' lang='grc' dir='ltr'><strong><em>τῶν</em></strong></span> <span class='ocrx_word' id='word_1_178' title='bbox 172 2544 342 2621; x_wconf 78' lang='grc' dir='ltr'><strong><em>βασιλείων</em></strong></span> <span class='ocrx_word' id='word_1_179' title='bbox 377 2541 459 2606; x_wconf 87' lang='grc' dir='ltr'><strong><em>εὑθό</em></strong></span> <span class='ocrx_word' id='word_1_180' title='bbox 494 2547 551 2627; x_wconf 87' lang='grc' dir='ltr'><strong><em>τῆς</em></strong></span> <span class='ocrx_word' id='word_1_181' title='bbox 585 2545 723 2627; x_wconf 83' lang='grc' dir='ltr'><strong><em>εἰρεσίας</em></strong></span> <span class='ocrx_word' id='word_1_182' title='bbox 751 2541 891 2628; x_wconf 85' lang='grc' dir='ltr'><strong><em>άγοόσης</em></strong></span> <span class='ocrx_word' id='word_1_183' title='bbox 922 2544 1128 2623; x_wconf 78' lang='grc' dir='ltr'><strong><em>ε’πιιιατόλιιβε</em></strong></span> <span class='ocrx_word' id='word_1_184' title='bbox 1155 2538 1191 2606; x_wconf 85' lang='grc' dir='ltr'><strong><em>τὸ</em></strong></span> 
     </span>
     <span class='ocr_line' id='line_1_24' title="bbox 84 2640 1192 2730; baseline 0 -23"><span class='ocrx_word' id='word_1_185' title='bbox 84 2643 143 2725; x_wconf 79' lang='grc' dir='ltr'><strong><em>τῆς</em></strong></span> <span class='ocrx_word' id='word_1_186' title='bbox 170 2640 300 2716; x_wconf 83' lang='grc' dir='ltr'><strong><em>άνοσίας</em></strong></span> <span class='ocrx_word' id='word_1_187' title='bbox 319 2647 436 2727; x_wconf 78' lang='grc' dir='ltr'><strong><em>βουλῆς</em></strong></span> <span class='ocrx_word' id='word_1_188' title='bbox 457 2642 648 2729; x_wconf 77' lang='grc' dir='ltr'><strong><em>μετεσχηκὸς</em></strong></span> <span class='ocrx_word' id='word_1_189' title='bbox 672 2645 814 2730; x_wconf 85' lang='grc' dir='ltr'><strong><em>α’κάτιον,</em></strong></span> <span class='ocrx_word' id='word_1_190' title='bbox 837 2643 892 2710; x_wconf 88' lang='grc' dir='ltr'><strong><em>τόν</em></strong></span> <span class='ocrx_word' id='word_1_191' title='bbox 913 2646 1049 2726; x_wconf 77' lang='grc' dir='ltr'><strong><em>βασιλέα</em></strong></span> <span class='ocrx_word' id='word_1_192' title='bbox 1070 2665 1192 2727; x_wconf 90' lang='grc' dir='ltr'><strong><em>προκα-</em></strong></span> 
     </span>
     <span class='ocr_line' id='line_1_25' title="bbox 87 2738 1192 2833; baseline 0.004 -28"><span class='ocrx_word' id='word_1_193' title='bbox 87 2738 240 2824; x_wconf 86' lang='grc' dir='ltr'><strong><em>λοόμενον</em></strong></span> <span class='ocrx_word' id='word_1_194' title='bbox 262 2746 420 2811; x_wconf 79' lang='grc' dir='ltr'><strong><em>εἰσελθεῖν</em></strong></span> <span class='ocrx_word' id='word_1_195' title='bbox 440 2741 484 2809; x_wconf 78' lang='grc' dir='ltr'><strong><em>’ἐν</em></strong></span> <span class='ocrx_word' id='word_1_196' title='bbox 516 2743 601 2832; x_wconf 76' lang='grc' dir='ltr'><strong><em>αὐτῷ</em></strong></span> <span class='ocrx_word' id='word_1_197' title='bbox 622 2744 665 2820; x_wconf 85' lang='grc' dir='ltr'><strong><em>ῶς</em></strong></span> <span class='ocrx_word' id='word_1_198' title='bbox 699 2746 946 2833; x_wconf 76' lang='grc' dir='ltr'><strong><em>σπουδαιότερον</em></strong></span> <span class='ocrx_word' id='word_1_199' title='bbox 967 2746 1064 2830; x_wconf 89' lang='grc' dir='ltr'><strong><em>δῆθεν</em></strong></span> <span class='ocrx_word' id='word_1_200' title='bbox 1084 2746 1192 2831; x_wconf 72' lang='grc' dir='ltr'><strong><em>α’χθη·</em></strong></span> 
     </span>
    </p>
   </div>
   <div class='ocr_carea' id='block_1_5' title="bbox 159 2909 874 3017">
    <p class='ocr_par' dir='ltr' id='par_1_5' title="bbox 159 2904 874 3017">
     <span class='ocr_line' id='line_1_26' title="bbox 159 2909 874 3017; baseline 0.015 -39"><span class='ocrx_word' id='word_1_201' title='bbox 159 2927 200 3017; x_wconf 85' lang='grc'><strong><em>16.</em></strong></span> <span class='ocrx_word' id='word_1_202' title='bbox 222 2925 331 2989; x_wconf 65' lang='lat' dir='ltr'><strong>odron?</strong></span> <span class='ocrx_word' id='word_1_203' title='bbox 439 2933 483 2985; x_wconf 76' lang='lat'><strong><em>22.</em></strong></span> <span class='ocrx_word' id='word_1_204' title='bbox 508 2934 709 3004; x_wconf 78' lang='grc' dir='ltr'><strong><em>ἐπικατέλαβον</em></strong></span> <span class='ocrx_word' id='word_1_205' title='bbox 735 2933 764 2987; x_wconf 84' lang='lat' dir='ltr'><strong><em>G.</em></strong></span> <span class='ocrx_word' id='word_1_206' title='bbox 855 2909 874 3014; x_wconf 38' lang='grc' dir='ltr'><strong><em>-Ι</em></strong></span> 
     </span>
    </p>
   </div>
   <div class='ocr_carea' id='block_1_6' title="bbox 16 3094 1193 4239">
    <p class='ocr_par' dir='ltr' id='par_1_6' title="bbox 16 3094 1193 4239">
     <span class='ocr_line' id='line_1_27' title="bbox 87 3094 1192 3161; baseline -0.001 -14"><span class='ocrx_word' id='word_1_207' title='bbox 87 3095 208 3157; x_wconf 86' lang='lat' dir='ltr'><strong>insidias,</strong></span> <span class='ocrx_word' id='word_1_208' title='bbox 229 3094 255 3145; x_wconf 93' lang='lat' dir='ltr'><strong>id</strong></span> <span class='ocrx_word' id='word_1_209' title='bbox 279 3094 347 3161; x_wconf 85' lang='lat' dir='ltr'><strong>quod</strong></span> <span class='ocrx_word' id='word_1_210' title='bbox 368 3098 475 3147; x_wconf 91' lang='lat' dir='ltr'><strong>omnino</strong></span> <span class='ocrx_word' id='word_1_211' title='bbox 495 3099 648 3149; x_wconf 88' lang='lat' dir='ltr'><strong>necessario</strong></span> <span class='ocrx_word' id='word_1_212' title='bbox 674 3096 745 3147; x_wconf 92' lang='lat' dir='ltr'><strong>hunc</strong></span> <span class='ocrx_word' id='word_1_213' title='bbox 770 3096 900 3147; x_wconf 85' lang='lat' dir='ltr'><strong>facturum</strong></span> <span class='ocrx_word' id='word_1_214' title='bbox 927 3094 1090 3161; x_wconf 77' lang='lat' dir='ltr'><strong>apparebat,</strong></span> <span class='ocrx_word' id='word_1_215' title='bbox 1116 3098 1192 3148; x_wconf 80' lang='lat' dir='ltr'><strong>cxci.</strong></span> 
     </span>
     <span class='ocr_line' id='line_1_28' title="bbox 88 3165 1193 3236; baseline 0.004 -19"><span class='ocrx_word' id='word_1_216' title='bbox 88 3173 183 3236; x_wconf 86' lang='lat' dir='ltr'><strong>perent</strong></span> <span class='ocrx_word' id='word_1_217' title='bbox 205 3166 260 3217; x_wconf 86' lang='lat' dir='ltr'><strong>suis</strong></span> <span class='ocrx_word' id='word_1_218' title='bbox 280 3165 402 3218; x_wconf 82' lang='lat' dir='ltr'><strong>lintribus</strong></span> <span class='ocrx_word' id='word_1_219' title='bbox 423 3170 490 3219; x_wconf 88' lang='lat' dir='ltr'><strong>etsi</strong></span> <span class='ocrx_word' id='word_1_220' title='bbox 510 3170 536 3219; x_wconf 90' lang='lat' dir='ltr'><strong>in</strong></span> <span class='ocrx_word' id='word_1_221' title='bbox 558 3169 611 3219; x_wconf 89' lang='lat' dir='ltr'><strong>alto</strong></span> <span class='ocrx_word' id='word_1_222' title='bbox 633 3176 723 3220; x_wconf 81' lang='lat' dir='ltr'><strong>essent</strong></span> <span class='ocrx_word' id='word_1_223' title='bbox 739 3169 841 3236; x_wconf 84' lang='lat' dir='ltr'><strong>gurgiti</strong></span> <span class='ocrx_word' id='word_1_224' title='bbox 860 3167 1004 3218; x_wconf 82' lang='lat' dir='ltr'><strong>traderent.</strong></span> <span class='ocrx_word' id='word_1_225' title='bbox 1042 3174 1122 3233; x_wconf 90' lang='lat' dir='ltr'><strong>atque</strong></span> <span class='ocrx_word' id='word_1_226' title='bbox 1135 3178 1193 3221; x_wconf 89' lang='lat' dir='ltr'><strong>erat</strong></span> 
     </span>
     <span class='ocr_line' id='line_1_29' title="bbox 88 3236 1191 3306; baseline 0.001 -16"><span class='ocrx_word' id='word_1_227' title='bbox 88 3238 223 3291; x_wconf 90' lang='lat' dir='ltr'><strong>sententia</strong></span> <span class='ocrx_word' id='word_1_228' title='bbox 243 3236 299 3288; x_wconf 87' lang='lat' dir='ltr'><strong>dira</strong></span> <span class='ocrx_word' id='word_1_229' title='bbox 325 3246 351 3287; x_wconf 90' lang='lat' dir='ltr'><strong><em>et</em></strong></span> <span class='ocrx_word' id='word_1_230' title='bbox 369 3238 534 3291; x_wconf 85' lang='lat' dir='ltr'><strong>inevitabilis</strong></span> <span class='ocrx_word' id='word_1_231' title='bbox 555 3248 581 3291; x_wconf 87' lang='lat' dir='ltr'><strong><em>et</em></strong></span> <span class='ocrx_word' id='word_1_232' title='bbox 601 3240 718 3306; x_wconf 90' lang='lat' dir='ltr'><strong>undique</strong></span> <span class='ocrx_word' id='word_1_233' title='bbox 737 3247 841 3290; x_wconf 87' lang='lat' dir='ltr'><strong>terrens</strong></span> <span class='ocrx_word' id='word_1_234' title='bbox 861 3239 963 3300; x_wconf 80' lang='lat' dir='ltr'><strong>ferani,</strong></span> <span class='ocrx_word' id='word_1_235' title='bbox 991 3246 1018 3288; x_wconf 90' lang='lat' dir='ltr'><strong><em>et</em></strong></span> <span class='ocrx_word' id='word_1_236' title='bbox 1036 3237 1122 3305; x_wconf 89' lang='lat' dir='ltr'><strong>plagis</strong></span> <span class='ocrx_word' id='word_1_237' title='bbox 1141 3255 1191 3305; x_wconf 90' lang='lat' dir='ltr'><strong><em>pro</em></strong></span> 
     </span>
     <span class='ocr_line' id='line_1_30' title="bbox 88 3306 1192 3377; baseline -0.004 -16"><span class='ocrx_word' id='word_1_238' title='bbox 88 3308 223 3361; x_wconf 86' lang='lat' dir='ltr'><strong>hominnm</strong></span> <span class='ocrx_word' id='word_1_239' title='bbox 245 3306 396 3360; x_wconf 84' lang='lat' dir='ltr'><strong>infirmitate</strong></span> <span class='ocrx_word' id='word_1_240' title='bbox 416 3310 487 3361; x_wconf 90' lang='lat' dir='ltr'><strong>hune</strong></span> <span class='ocrx_word' id='word_1_241' title='bbox 506 3320 534 3361; x_wconf 92' lang='lat' dir='ltr'><strong>ut</strong></span> <span class='ocrx_word' id='word_1_242' title='bbox 553 3313 737 3361; x_wconf 80' lang='lat' dir='ltr'><strong>contineretur</strong></span> <span class='ocrx_word' id='word_1_243' title='bbox 757 3319 784 3361; x_wconf 90' lang='lat' dir='ltr'><strong><em>et</em></strong></span> <span class='ocrx_word' id='word_1_244' title='bbox 808 3316 944 3377; x_wconf 89' lang='lat' dir='ltr'><strong>peteretur</strong></span> <span class='ocrx_word' id='word_1_245' title='bbox 963 3309 1105 3361; x_wconf 88' lang='lat' dir='ltr'><strong>adducens.</strong></span> <span class='ocrx_word' id='word_1_246' title='bbox 1142 3311 1192 3363; x_wconf 87' lang='lat' dir='ltr'><strong><em>de.</em></strong></span> 
     </span>
     <span class='ocr_line' id='line_1_31' title="bbox 89 3379 1193 3449; baseline -0.004 -16"><span class='ocrx_word' id='word_1_247' title='bbox 89 3379 217 3433; x_wconf 89' lang='lat' dir='ltr'><strong>struentis</strong></span> <span class='ocrx_word' id='word_1_248' title='bbox 244 3387 332 3430; x_wconf 85' lang='lat' dir='ltr'><strong>autem</strong></span> <span class='ocrx_word' id='word_1_249' title='bbox 351 3383 497 3433; x_wconf 86' lang='lat' dir='ltr'><strong>sententias</strong></span> <span class='ocrx_word' id='word_1_250' title='bbox 517 3384 636 3449; x_wconf 91' lang='lat' dir='ltr'><strong>gentium</strong></span> <span class='ocrx_word' id='word_1_251' title='bbox 657 3391 683 3433; x_wconf 90' lang='lat' dir='ltr'><strong>ct</strong></span> <span class='ocrx_word' id='word_1_252' title='bbox 701 3384 820 3434; x_wconf 87' lang='lat' dir='ltr'><strong>rationes</strong></span> <span class='ocrx_word' id='word_1_253' title='bbox 839 3381 960 3433; x_wconf 84' lang='lat' dir='ltr'><strong>tollentis</strong></span> <span class='ocrx_word' id='word_1_254' title='bbox 973 3382 1121 3449; x_wconf 84' lang='lat' dir='ltr'><strong>principum</strong></span> <span class='ocrx_word' id='word_1_255' title='bbox 1141 3382 1193 3433; x_wconf 91' lang='lat' dir='ltr'><strong><em>do.</em></strong></span> 
     </span>
     <span class='ocr_line' id='line_1_32' title="bbox 88 3450 1193 3520; baseline 0.002 -18"><span class='ocrx_word' id='word_1_256' title='bbox 88 3452 153 3503; x_wconf 87' lang='lat' dir='ltr'><strong>mini</strong></span> <span class='ocrx_word' id='word_1_257' title='bbox 178 3450 252 3501; x_wconf 84' lang='lat' dir='ltr'><strong>firma</strong></span> <span class='ocrx_word' id='word_1_258' title='bbox 276 3452 409 3503; x_wconf 87' lang='lat' dir='ltr'><strong>sententia</strong></span> <span class='ocrx_word' id='word_1_259' title='bbox 439 3454 590 3505; x_wconf 83' lang='lat' dir='ltr'><strong>mortalium</strong></span> <span class='ocrx_word' id='word_1_260' title='bbox 617 3454 697 3520; x_wconf 89' lang='lat' dir='ltr'><strong>impla</strong></span> <span class='ocrx_word' id='word_1_261' title='bbox 722 3453 835 3505; x_wconf 85' lang='lat' dir='ltr'><strong>consilia</strong></span> <span class='ocrx_word' id='word_1_262' title='bbox 865 3453 1016 3504; x_wconf 80' lang='lat' dir='ltr'><strong>aberrantia</strong></span> <span class='ocrx_word' id='word_1_263' title='bbox 1033 3453 1147 3505; x_wconf 84' lang='lat' dir='ltr'><strong>reddidit</strong></span> <span class='ocrx_word' id='word_1_264' title='bbox 1167 3460 1193 3504; x_wconf 89' lang='lat' dir='ltr'><strong><em>et</em></strong></span> 
     </span>
     <span class='ocr_line' id='line_1_33' title="bbox 89 3523 1192 3592; baseline -0.002 -19"><span class='ocrx_word' id='word_1_265' title='bbox 89 3530 196 3590; x_wconf 88' lang='lat' dir='ltr'><strong>praeter</strong></span> <span class='ocrx_word' id='word_1_266' title='bbox 215 3537 287 3588; x_wconf 87' lang='lat' dir='ltr'><strong>spem</strong></span> <span class='ocrx_word' id='word_1_267' title='bbox 307 3523 418 3575; x_wconf 88' lang='lat' dir='ltr'><strong>salutem</strong></span> <span class='ocrx_word' id='word_1_268' title='bbox 438 3524 578 3591; x_wconf 86' lang='lat' dir='ltr'><strong>desperato</strong></span> <span class='ocrx_word' id='word_1_269' title='bbox 599 3526 796 3592; x_wconf 84' lang='lat' dir='ltr'><strong>omnipotenter</strong></span> <span class='ocrx_word' id='word_1_270' title='bbox 815 3526 935 3576; x_wconf 88' lang='lat' dir='ltr'><strong>donavit.</strong></span> <span class='ocrx_word' id='word_1_271' title='bbox 974 3540 1032 3575; x_wconf 88' lang='lat' dir='ltr'><strong>curn</strong></span> <span class='ocrx_word' id='word_1_272' title='bbox 1056 3525 1127 3573; x_wconf 92' lang='lat' dir='ltr'><strong>enim</strong></span> <span class='ocrx_word' id='word_1_273' title='bbox 1145 3540 1192 3576; x_wconf 88' lang='lat' dir='ltr'><strong><em>sc.</em></strong></span> 
     </span>
     <span class='ocr_line' id='line_1_34' title="bbox 89 3593 1192 3665; baseline 0.001 -19"><span class='ocrx_word' id='word_1_274' title='bbox 89 3594 155 3646; x_wconf 92' lang='lat' dir='ltr'><strong>ditio</strong></span> <span class='ocrx_word' id='word_1_275' title='bbox 183 3593 308 3660; x_wconf 86' lang='lat' dir='ltr'><strong>flagraret</strong></span> <span class='ocrx_word' id='word_1_276' title='bbox 336 3604 362 3646; x_wconf 90' lang='lat' dir='ltr'><strong><em>et</em></strong></span> <span class='ocrx_word' id='word_1_277' title='bbox 389 3595 516 3647; x_wconf 88' lang='lat' dir='ltr'><strong>tumultus</strong></span> <span class='ocrx_word' id='word_1_278' title='bbox 539 3612 649 3665; x_wconf 85' lang='lat' dir='ltr'><strong>magnus</strong></span> <span class='ocrx_word' id='word_1_279' title='bbox 670 3598 849 3660; x_wconf 82' lang='lat' dir='ltr'><strong>excitaretur,</strong></span> <span class='ocrx_word' id='word_1_280' title='bbox 877 3604 903 3646; x_wconf 91' lang='lat' dir='ltr'><strong><em>et</em></strong></span> <span class='ocrx_word' id='word_1_281' title='bbox 920 3595 1006 3647; x_wconf 91' lang='lat' dir='ltr'><strong>nuntii</strong></span> <span class='ocrx_word' id='word_1_282' title='bbox 1024 3594 1093 3646; x_wconf 88' lang='lat' dir='ltr'><strong>alias</strong></span> <span class='ocrx_word' id='word_1_283' title='bbox 1112 3594 1192 3647; x_wconf 85' lang='lat' dir='ltr'><strong>alium</strong></span> 
     </span>
     <span class='ocr_line' id='line_1_35' title="bbox 90 3664 1192 3735; baseline 0.002 -19"><span class='ocrx_word' id='word_1_284' title='bbox 90 3667 265 3717; x_wconf 83' lang='lat' dir='ltr'><strong>anteveniens</strong></span> <span class='ocrx_word' id='word_1_285' title='bbox 291 3664 322 3717; x_wconf 90' lang='lat' dir='ltr'><strong>ad</strong></span> <span class='ocrx_word' id='word_1_286' title='bbox 349 3680 440 3731; x_wconf 82' lang='lat' dir='ltr'><strong>regern</strong></span> <span class='ocrx_word' id='word_1_287' title='bbox 466 3666 650 3730; x_wconf 83' lang='lat' dir='ltr'><strong>deferrentur,</strong></span> <span class='ocrx_word' id='word_1_288' title='bbox 677 3676 703 3719; x_wconf 90' lang='lat' dir='ltr'><strong><em>et</em></strong></span> <span class='ocrx_word' id='word_1_289' title='bbox 729 3668 843 3735; x_wconf 89' lang='lat' dir='ltr'><strong>populus</strong></span> <span class='ocrx_word' id='word_1_290' title='bbox 871 3668 956 3717; x_wconf 89' lang='lat' dir='ltr'><strong>omnis</strong></span> <span class='ocrx_word' id='word_1_291' title='bbox 982 3666 1141 3718; x_wconf 86' lang='lat' dir='ltr'><strong>conveniret</strong></span> <span class='ocrx_word' id='word_1_292' title='bbox 1166 3676 1192 3718; x_wconf 88' lang='lat' dir='ltr'><strong><em>et</em></strong></span> 
     </span>
     <span class='ocr_line' id='line_1_36' title="bbox 90 3737 1193 3805; baseline 0.004 -19"><span class='ocrx_word' id='word_1_293' title='bbox 90 3742 251 3802; x_wconf 83' lang='lat' dir='ltr'><strong>cogeretur,</strong></span> <span class='ocrx_word' id='word_1_294' title='bbox 281 3744 307 3787; x_wconf 90' lang='lat' dir='ltr'><strong><em>et</em></strong></span> <span class='ocrx_word' id='word_1_295' title='bbox 333 3737 491 3789; x_wconf 82' lang='lat' dir='ltr'><strong>turbationis</strong></span> <span class='ocrx_word' id='word_1_296' title='bbox 514 3748 589 3789; x_wconf 76' lang='lat' dir='ltr'><strong>,essct</strong></span> <span class='ocrx_word' id='word_1_297' title='bbox 608 3739 670 3790; x_wconf 90' lang='lat' dir='ltr'><strong>urbs</strong></span> <span class='ocrx_word' id='word_1_298' title='bbox 693 3740 775 3805; x_wconf 90' lang='lat' dir='ltr'><strong>plena</strong></span> <span class='ocrx_word' id='word_1_299' title='bbox 793 3748 820 3790; x_wconf 88' lang='lat' dir='ltr'><strong><em>et</em></strong></span> <span class='ocrx_word' id='word_1_300' title='bbox 839 3737 1020 3789; x_wconf 82' lang='lat' dir='ltr'><strong>confusionis:</strong></span> <span class='ocrx_word' id='word_1_301' title='bbox 1039 3753 1070 3788; x_wconf 88' lang='lat' dir='ltr'><strong><em>se</em></strong></span> <span class='ocrx_word' id='word_1_302' title='bbox 1089 3741 1193 3804; x_wconf 84' lang='lat' dir='ltr'><strong>paravit</strong></span> 
     </span>
     <span class='ocr_line' id='line_1_37' title="bbox 89 3807 1192 3874; baseline 0.004 -17"><span class='ocrx_word' id='word_1_303' title='bbox 89 3808 133 3858; x_wconf 88' lang='lat' dir='ltr'><strong>bic</strong></span> <span class='ocrx_word' id='word_1_304' title='bbox 158 3822 206 3857; x_wconf 86' lang='lat' dir='ltr'><strong><em>rex</em></strong></span> <span class='ocrx_word' id='word_1_305' title='bbox 233 3807 310 3858; x_wconf 84' lang='lat' dir='ltr'><strong>simul</strong></span> <span class='ocrx_word' id='word_1_306' title='bbox 337 3824 395 3857; x_wconf 90' lang='lat' dir='ltr'><strong><em>cum</em></strong></span> <span class='ocrx_word' id='word_1_307' title='bbox 421 3809 540 3874; x_wconf 85' lang='lat' dir='ltr'><strong>Augusta</strong></span> <span class='ocrx_word' id='word_1_308' title='bbox 562 3818 591 3861; x_wconf 91' lang='lat' dir='ltr'><strong><em>et</em></strong></span> <span class='ocrx_word' id='word_1_309' title='bbox 610 3812 665 3861; x_wconf 84' lang='lat' dir='ltr'><strong>suis</strong></span> <span class='ocrx_word' id='word_1_310' title='bbox 684 3810 778 3861; x_wconf 88' lang='lat' dir='ltr'><strong>liberis</strong></span> <span class='ocrx_word' id='word_1_311' title='bbox 797 3817 824 3860; x_wconf 87' lang='lat' dir='ltr'><strong><em>et</em></strong></span> <span class='ocrx_word' id='word_1_312' title='bbox 842 3809 1008 3860; x_wconf 89' lang='lat' dir='ltr'><strong>devenerunt</strong></span> <span class='ocrx_word' id='word_1_313' title='bbox 1026 3809 1058 3860; x_wconf 89' lang='lat' dir='ltr'><strong>ad</strong></span> <span class='ocrx_word' id='word_1_314' title='bbox 1078 3811 1192 3863; x_wconf 82' lang='lat' dir='ltr'><strong>vicinam</strong></span> 
     </span>
     <span class='ocr_line' id='line_1_38' title="bbox 16 3872 1191 3949; baseline 0 -20"><span class='ocrx_word' id='word_1_315' title='bbox 16 3884 20 3891; x_wconf 93' lang='lat'>&#39;</span> <span class='ocrx_word' id='word_1_316' title='bbox 89 3872 171 3944; x_wconf 85' lang='lat' dir='ltr'><strong>ripam</strong></span> <span class='ocrx_word' id='word_1_317' title='bbox 197 3886 224 3929; x_wconf 92' lang='lat' dir='ltr'><strong><em>et</em></strong></span> <span class='ocrx_word' id='word_1_318' title='bbox 250 3894 307 3929; x_wconf 88' lang='lat' dir='ltr'><strong><em>cnm</em></strong></span> <span class='ocrx_word' id='word_1_319' title='bbox 332 3894 386 3930; x_wconf 92' lang='lat' dir='ltr'><strong><em>non</em></strong></span> <span class='ocrx_word' id='word_1_320' title='bbox 405 3881 558 3931; x_wconf 88' lang='lat' dir='ltr'><strong>invenirent</strong></span> <span class='ocrx_word' id='word_1_321' title='bbox 582 3883 714 3948; x_wconf 86' lang='lat' dir='ltr'><strong>regiarum</strong></span> <span class='ocrx_word' id='word_1_322' title='bbox 741 3883 848 3932; x_wconf 88' lang='lat' dir='ltr'><strong>navium</strong></span> <span class='ocrx_word' id='word_1_323' title='bbox 876 3880 957 3931; x_wconf 91' lang='lat' dir='ltr'><strong>ullam</strong></span> <span class='ocrx_word' id='word_1_324' title='bbox 982 3882 1119 3949; x_wconf 80' lang='lat' dir='ltr'><strong>navigium</strong></span> <span class='ocrx_word' id='word_1_325' title='bbox 1139 3884 1191 3932; x_wconf 91' lang='lat' dir='ltr'><strong>im.</strong></span> 
     </span>
     <span class='ocr_line' id='line_1_39' title="bbox 90 3950 1190 4019; baseline 0.001 -19"><span class='ocrx_word' id='word_1_326' title='bbox 90 3950 249 4017; x_wconf 81' lang='lat' dir='ltr'><strong>paratorium</strong></span> <span class='ocrx_word' id='word_1_327' title='bbox 271 3951 340 4018; x_wconf 94' lang='lat' dir='ltr'><strong>quod</strong></span> <span class='ocrx_word' id='word_1_328' title='bbox 359 3965 444 4015; x_wconf 87' lang='lat' dir='ltr'><strong>nuper</strong></span> <span class='ocrx_word' id='word_1_329' title='bbox 472 3952 611 4019; x_wconf 87' lang='lat' dir='ltr'><strong>appulerat</strong></span> <span class='ocrx_word' id='word_1_330' title='bbox 629 3967 677 4017; x_wconf 93' lang='lat' dir='ltr'><strong><em>pro</em></strong></span> <span class='ocrx_word' id='word_1_331' title='bbox 698 3953 809 4019; x_wconf 86' lang='lat' dir='ltr'><strong>quadarn</strong></span> <span class='ocrx_word' id='word_1_332' title='bbox 828 3952 970 4018; x_wconf 88' lang='lat' dir='ltr'><strong>improvisa</strong></span> <span class='ocrx_word' id='word_1_333' title='bbox 991 3953 1120 4004; x_wconf 83' lang='lat' dir='ltr'><strong>etdextra</strong></span> <span class='ocrx_word' id='word_1_334' title='bbox 1133 3954 1190 4004; x_wconf 64' lang='lat' dir='ltr'><strong><em>lom</em></strong></span> 
     </span>
     <span class='ocr_line' id='line_1_40' title="bbox 89 4021 1190 4095; baseline 0.005 -25"><span class='ocrx_word' id='word_1_335' title='bbox 89 4030 160 4084; x_wconf 85' lang='lat' dir='ltr'><strong>tuna,</strong></span> <span class='ocrx_word' id='word_1_336' title='bbox 180 4021 238 4073; x_wconf 74' lang='lat' dir='ltr'><strong>sive</strong></span> <span class='ocrx_word' id='word_1_337' title='bbox 255 4022 344 4095; x_wconf 79' lang='lat' dir='ltr'><strong>pptius</strong></span> <span class='ocrx_word' id='word_1_338' title='bbox 363 4023 443 4083; x_wconf 83' lang='lat' dir='ltr'><strong>tacita</strong></span> <span class='ocrx_word' id='word_1_339' title='bbox 462 4023 648 4088; x_wconf 87' lang='lat' dir='ltr'><strong>providentiae</strong></span> <span class='ocrx_word' id='word_1_340' title='bbox 669 4023 817 4086; x_wconf 89' lang='lat' dir='ltr'><strong>voluntate,</strong></span> <span class='ocrx_word' id='word_1_341' title='bbox 837 4032 865 4073; x_wconf 91' lang='lat' dir='ltr'><strong>ut</strong></span> <span class='ocrx_word' id='word_1_342' title='bbox 885 4032 959 4075; x_wconf 86' lang='lat' dir='ltr'><strong>erant</strong></span> <span class='ocrx_word' id='word_1_343' title='bbox 971 4026 1057 4077; x_wconf 92' lang='lat' dir='ltr'><strong>studio</strong></span> <span class='ocrx_word' id='word_1_344' title='bbox 1077 4026 1190 4089; x_wconf 89' lang='lat' dir='ltr'><strong>incitati,</strong></span> 
     </span>
     <span class='ocr_line' id='line_1_41' title="bbox 90 4092 1189 4163; baseline 0.004 -20"><span class='ocrx_word' id='word_1_345' title='bbox 90 4092 273 4143; x_wconf 87' lang='lat' dir='ltr'><strong>ascenderunt.</strong></span> <span class='ocrx_word' id='word_1_346' title='bbox 311 4104 390 4162; x_wconf 90' lang='lat' dir='ltr'><strong>atque</strong></span> <span class='ocrx_word' id='word_1_347' title='bbox 408 4109 466 4144; x_wconf 80' lang='lat' dir='ltr'><strong>curi</strong></span> <span class='ocrx_word' id='word_1_348' title='bbox 484 4096 574 4163; x_wconf 85' lang='lat' dir='ltr'><strong>regias</strong></span> <span class='ocrx_word' id='word_1_349' title='bbox 588 4095 668 4146; x_wconf 88' lang='lat' dir='ltr'><strong>remis</strong></span> <span class='ocrx_word' id='word_1_350' title='bbox 687 4102 811 4161; x_wconf 88' lang='lat' dir='ltr'><strong>peterent</strong></span> <span class='ocrx_word' id='word_1_351' title='bbox 829 4098 944 4147; x_wconf 86' lang='lat' dir='ltr'><strong>assecuti</strong></span> <span class='ocrx_word' id='word_1_352' title='bbox 964 4104 1024 4149; x_wconf 88' lang='lat' dir='ltr'><strong>sunt</strong></span> <span class='ocrx_word' id='word_1_353' title='bbox 1036 4098 1189 4163; x_wconf 85' lang='lat' dir='ltr'><strong>participem</strong></span> 
     </span>
     <span class='ocr_line' id='line_1_42' title="bbox 91 4163 1189 4239; baseline 0.004 -22"><span class='ocrx_word' id='word_1_354' title='bbox 91 4164 163 4231; x_wconf 83' lang='lat' dir='ltr'><strong>impii</strong></span> <span class='ocrx_word' id='word_1_355' title='bbox 182 4163 290 4216; x_wconf 89' lang='lat' dir='ltr'><strong>consilii</strong></span> <span class='ocrx_word' id='word_1_356' title='bbox 310 4164 426 4230; x_wconf 90' lang='lat' dir='ltr'><strong>lintrem,</strong></span> <span class='ocrx_word' id='word_1_357' title='bbox 446 4176 639 4232; x_wconf 86' lang='lat' dir='ltr'><strong>provocantem</strong></span> <span class='ocrx_word' id='word_1_358' title='bbox 658 4181 759 4237; x_wconf 84' lang='lat' dir='ltr'><strong>regern,</strong></span> <span class='ocrx_word' id='word_1_359' title='bbox 779 4176 808 4219; x_wconf 90' lang='lat' dir='ltr'><strong>ut</strong></span> <span class='ocrx_word' id='word_1_360' title='bbox 825 4168 852 4219; x_wconf 93' lang='lat' dir='ltr'><strong>in</strong></span> <span class='ocrx_word' id='word_1_361' title='bbox 869 4184 928 4220; x_wconf 88' lang='lat' dir='ltr'><strong><em>eum</em></strong></span> <span class='ocrx_word' id='word_1_362' title='bbox 941 4170 1136 4239; x_wconf 88' lang='lat' dir='ltr'><strong>ingrederetur,</strong></span> <span class='ocrx_word' id='word_1_363' title='bbox 1146 4175 1189 4221; x_wconf 87' lang='lat' dir='ltr'><strong>ut-</strong></span> 
     </span>
    </p>
   </div>
   <div class='ocr_carea' id='block_1_7' title="bbox 0 0 1430 4750">
    <p class='ocr_par' dir='ltr' id='par_1_7' title="bbox 0 0 1430 4750">
     <span class='ocr_line' id='line_1_43' title="bbox 0 0 1430 4750; baseline 0 0"><span class='ocrx_word' id='word_1_364' title='bbox 0 0 1430 4750; x_wconf 95' lang='lat' dir='ltr'><strong><em> </em></strong></span> 
     </span>
    </p>
   </div>
  </div>
 </body>
</html>
