2834 4750
519 255 727 368 nerone
852 244 945 317 .’
1073 215 1248 330 ce.

62 439 122 493 τες
142 414 312 499 α’λλὴλοις,
342 417 419 480 κατά
440 440 510 482 τινα
535 421 618 501 μέρη
642 421 768 482 διδοῦσι
794 419 879 482 ναῦτα
909 417 940 484 οἱ
962 420 1090 485 Σκῦθαι
1119 423 1198 485 καί,

61 513 228 582 πεσόντων
249 519 342 582 τινοῖν
365 513 395 580 οἱ
411 520 517 582 λοιποί
537 518 611 599 περί
630 516 670 581 τῦ
692 521 832 603 σφέτερα
851 521 1072 599 διασώζονται.

184 608 349 699 Ἦοχαλλε
387 613 492 682 τοίνυν
533 617 549 679 d
582 616 756 699 βασιλεῦς,
787 616 843 682 καί
882 618 1032 704 μηχανην
1068 619 1175 704 ε’ζὴτει
1238 647 1242 656 ·

63 722 112 784 δι’
141 707 178 801 ἧς
198 710 239 782 δν
272 713 539 803 ἀποκρούσασθαι
570 715 743 802 δυνήσοιτο
770 717 803 784 τῦ
837 722 1022 785 dentatos·
1077 719 1174 798 αῦτῦς

31 822 131 900 ὃμὲν
153 816 215 900 γὰρ
242 819 285 882 δι’
305 814 423 882 ἑαυτοῦ
444 816 501 900 την
524 817 692 902 ἡγεμονίαν
715 820 933 895 doctitanter
953 823 1012 883 τοῦ
1034 823 1174 898 πολέμου

62 918 127 984 καί
146 917 339 1000 βουλόμενος
368 917 426 984 οῦκ
448 919 602 1001 η’δῦνατο,
635 917 719 1008 νόσῳ
740 921 916 1005 ποδαγρικῇ
942 922 1017 1002 περί
1032 919 1070 984 τὰ
1092 914 1174 1004 ῦκρο

62 1021 176 1093 κακιῦς
195 1021 394 1100 διακείμενος
417 1017 471 1084 καί
492 1023 654 1093 παντελοῦς
674 1016 825 1103 δπρόϊτος
846 1012 893 1084 οῦν
907 1018 970 1084 καί
989 1020 1058 1085 δντί
1081 1018 1176 1094 ποδὸς

64 1122 266 1205 κεχρημίνος
286 1123 332 1207 τῷ
355 1121 479 1210 δίφρφ·
503 1121 566 1185 sads
587 1122 623 1184 δὲ
642 1123 827 1205 στρατηγῶν
849 1119 1023 1203 ἀνανδρίαν
1042 1143 1176 1202 καταγι-

62 1217 200 1286 νοόσκονν
227 1222 283 1284 καί
306 1219 388 1304 Ιπερί
417 1219 475 1305 την
504 1222 568 1286 τοῖν
597 1218 733 1288 δεόντων
764 1219 911 1300 διάταξιν
934 1212 1067 1301 ῦνοιαν,
1096 1224 1176 1302 μίοιν

14 1333 53 1386 10
63 1313 129 1386 οῦν
151 1315 295 1405 εὕρισκεν
311 1319 491 1406 donaolim
517 1324 574 1408 τῆς
593 1325 747 1406 συνεχοῦς
767 1324 832 1386 οῦν
850 1318 1024 1404 βαρβίρονν
1045 1325 1176 1404 ἐπιδρο-

62 1418 266 1504 μῆςιτήνέν,
296 1429 360 1496 τοῖς
382 1423 552 1508 φρουρίοις
583 1420 740 1506 διανομὴν
768 1426 833 1488 τῶν
860 1416 1071 1507 οτρατιοοτοῦν.
1122 1418 1178 1486 καί
1254 1466 1259 1481 .

63 1515 155 1586 οῦτιο
176 1527 517 1607 κοστροφολακοῦντας
538 1524 709 1600 α’ποδείξας
740 1520 875 1604 adroic,
897 1528 954 1588 καί
973 1548 1046 1588 τινα
1069 1530 1176 1589 Acts*-
1256 1583 1272 1608 υ,

62 1645 135 1702 νον,
154 1615 257 1706 ίίνδρα
286 1631 428 1706 γενναῖον
449 1627 483 1700 ἐς
510 1623 549 1689 τῦ
580 1620 722 1705 μάλιστα
750 1623 831 1690 κατὰ
852 1633 969 1708 χεῖρα,
989 1627 1045 1690 καί
1063 1627 1175 1708 νοῆσαι

62 1719 103 1786 τό
131 1723 203 1790 δέον
220 1720 352 1800 οῦδενδς
366 1718 491 1807 ἥττονα,
511 1725 635 1798 τούτοις
655 1721 796 1809 α’ρχηγδν
816 1724 1000 1808 ἐπιστήσας,
1021 1734 1091 1801 ταίς
1111 1729 1175 1790 τοῦν

17 1831 52 1882 15
63 1825 222 1892 ἐναντίαν
244 1811 372 1908 ἐφόδοις
390 1824 577 1910 ἐφεδρεύειν
598 1828 776 1908 πεποίηκεν.
832 1822 1051 1908 ἐπιτηροῦντες
1071 1828 1175 1890 τοίνυν

5 1975 7 1981 a
65 1920 191 2000 αῦτοῦς
209 1926 242 1990 ἐν
256 1931 324 2000 ταῖς
341 1923 510 2009 ἐκδρομαῖς
527 1925 581 1990 καί
601 1934 671 2002 ταῖς
691 1927 883 2009 διαρπογαῑς
904 1930 967 1989 snit·
981 1926 1174 2008 ἐπιχωρίων,
1219 1982 1221 1985 .

62 2020 153 2090 κατὰ
172 2031 294 2108 μοῖραν,
311 2024 446 2102 ίξίοντες
468 2025 588 2110 depini
612 2029 673 2091 suiv
696 2021 835 2111 πόλεων,
869 2027 925 2089 καί
941 2022 1074 2100 τοῦτους
1095 2046 1176 2089 σπο-
1192 2077 1201 2111 4
1292 2061 1314 2114 ι,
1363 2100 1366 2102 v

64 2122 175 2208 ρῦδας
194 2125 512 2208 καταλαμβάνοντες,
545 2125 602 2210 τήν
621 2149 654 2192 τε
684 2133 772 2192 λείαν
797 2126 945 2213 α’φῄροον
967 2129 1022 2190 καί
1038 2126 1175 2206 πολλοῦς

69 2219 215 2312 οἶνῂρουν
237 2227 292 2290 καί
325 2228 459 2315 ζωγρείρ
484 2226 673 2308 ἐλάμβανον.
728 2227 841 2291 τοῦτου
863 2229 898 2290 δὲ
919 2231 1101 2309 γενομένου,
1122 2229 1177 2292 καί

21 2325 177 2413 aopdssnv
198 2325 414 2417 κατασχόντος
433 2326 508 2404 τοῦς
527 2330 711 2410 ἐναντίους,
731 2324 907 2411 διαστολὴν
926 2325 1023 2411 ’ἔλαβε
1045 2323 1082 2393 τὸ
1107 2327 1175 2391 δει-

65 2426 125 2495 νῦν
144 2431 200 2513 τῆς
216 2430 412 2513 ἐπιδρομῆς,
436 2432 491 2495 καί
509 2428 539 2496 οἱ
559 2428 653 2505 ε’ντὸς
673 2432 729 2514 τῆς
749 2432 889 2517 Σιδηρῦς
909 2434 1081 2515 λεγομένης
1100 2421 1175 2493 δ’νε-

69 2552 125 2593 σιν
150 2530 205 2611 τῆς
225 2530 382 2611 συνεχοῦς
402 2532 603 2614 καταδρομῆς
625 2532 833 2614 είσεδὲχοντο.
911 2557 916 2568 ’
1076 2605 1081 2611 ,
1198 2532 1201 2537 ’

170 2626 217 2694 Ἐν
237 2626 376 2718 τοοοῦτρι
397 2632 434 2697 δὲ
449 2634 506 2700 τοῦ
521 2632 665 2716 θύραθεν
680 2628 887 2718 λωφήσαντος
904 2633 1078 2717 μαχησμοῦ
1099 2629 1174 2710 α’νε-

69 2940 181 3001 portero
194 2902 294 2986 'nutem
318 2932 362 2985 dic
383 2934 522 3003 congressi
541 2935 617 3002 inter
628 2950 658 2987 se
677 2933 816 2987 nonnullis
834 2936 954 3001 partibas
972 2944 1049 3007 terga
1066 2946 1174 2993 remant

69 3004 208 3073 Scythae:
232 3013 259 3056 et
278 3020 337 3057 cnm
348 3006 510 3059 cecidissent
527 3006 660 3069 nonnulli,
680 3006 764 3057 ceteri
782 3005 811 3080 in
828 3007 884 3058 suis
902 3010 996 3061 castris
1015 3018 1163 3063 servantur.

174 3090 293 3145 Dolebat
316 3094 399 3162 igitur
423 3109 472 3145 rex
497 3101 525 3145 ot
548 3092 771 3145 machinationem
795 3095 944 3161 qnaesivit,
968 3093 1175 3163 qnarep‘ellere

69 3169 163 3229 posset
176 3162 284 3215 hostes:
299 3164 357 3231 ipse
377 3165 446 3217 enim
460 3179 509 3232 per
522 3180 552 3218 se
565 3165 703 3232 imperinm
716 3164 840 3230 recipere
853 3163 920 3216 belli
938 3165 1003 3219 lieet
1023 3166 1108 3221 vellet
1120 3183 1192 3251 non⁸

69 3242 186 3300 poterat,
205 3234 297 3288 morbo
311 3234 455 3304 podagrico
477 3238 549 3289 eirca
563 3236 744 3287 extremitates
761 3234 830 3287 analo
847 3245 969 3304 vexatae
985 3246 1014 3290 ut
1026 3241 1133 3293 omnino
1147 3241 1175 3291 in

70 3304 208 3370 publicum
223 3306 331 3373 prodire
349 3322 404 3368 non
417 3316 510 3375 posset
525 3316 552 3360 ct
569 3322 619 3375 pro
634 3307 701 3373 pede
721 3314 842 3360 uteretur
860 3324 947 3361 curru.
972 3310 1068 3364 ducum
1087 3321 1175 3365 autem

69 3376 206 3444 ignaviam
228 3392 394 3446 cognoscens
420 3385 448 3431 et
474 3380 501 3431 in
532 3379 746 3431 necessariorum
766 3380 994 3435 administratione
1019 3385 1174 3451 impruden.

70 3448 150 3511 tiam,
169 3462 247 3502 unam
272 3449 424 3516 reperiebat
450 3450 631 3517 repulsionem
654 3450 774 3501 continui
796 3452 969 3505 barbarorum
992 3457 1121 3522 impetus,
1146 3456 1174 3505 in

70 3519 214 3583 praesidiis
239 3520 452 3573 distributionem
479 3522 600 3574 militum.
644 3531 725 3589 atque
750 3525 790 3574 sic
821 3526 849 3575 in
877 3526 971 3577 castris
996 3542 1026 3578 se
1050 3534 1174 3577 tenentes

71 3588 185 3641 reddens
211 3606 257 3643 eos
285 3600 313 3642 ot
335 3591 452 3659 aliquem
476 3590 596 3645 Latinum
623 3594 709 3644 virum
725 3594 847 3645 nobilem
865 3597 978 3645 maxime
996 3604 1127 3662 promtum
1147 3605 1175 3647 et

72 3660 98 3709 in
118 3662 307 3728 cognoscendo
321 3662 501 3715 necessarium
520 3666 626 3715 nemine
644 3665 774 3717 minorem
792 3665 835 3716 liis
853 3666 947 3717 ducem
964 3666 1103 3732 imponens
1121 3668 1173 3720 bo.

72 3732 149 3785 stium
175 3732 342 3805 incursiones
363 3741 519 3800 exspectare
538 3736 624 3787 iussit.
662 3734 837 3788 observantes
856 3737 939 3804 igitur
957 3750 1004 3789 eos
1028 3739 1056 3789 in
1075 3755 1173 3791 oxcur.

73 3802 192 3859 sionibus
210 3814 237 3857 et
255 3805 373 3872 raptibus
393 3808 534 3873 regionum
546 3807 639 3859 ordine
660 3809 763 3873 egressi
782 3807 859 3858 simul
879 3806 988 3860 urbibus
1008 3819 1036 3861 et
1054 3810 1102 3863 bos
1114 3812 1172 3863 dis.

73 3886 166 3937 pensos
193 3875 424 3943 deprehendentes
451 3875 540 3943 spolia
564 3877 731 3944 abripiebunt
757 3886 783 3929 et
807 3877 904 3931 multos
930 3880 1128 3950 interficiebant
1146 3892 1174 3935 et

73 3946 150 4000 vivos
171 3946 320 4013 capiebant.
359 3963 411 4015 quo
431 3947 504 3999 iacto
524 3963 583 4000 cum
598 3957 682 3999 metus
703 3949 838 4000 obtineret
857 3950 963 4015 bootes,
991 3955 1200 4020 repulsionem,

74 4012 187 4071 babebat
204 4018 353 4084 periculum
369 4020 529 4071 incursionis
542 4027 569 4069 et
586 4020 631 4087 qui
645 4020 715 4071 intus
733 4027 808 4071 erant
821 4022 848 4073 in
858 4020 1019 4076 Ferrea'illa
1037 4026 1107 4079 dieta
1124 4042 1172 4079 re-

72 4088 224 4141 missionem
244 4091 364 4143 continui
385 4092 499 4159 impetus
518 4089 695 4159 accipiebant.

161 4176 275 4235 luteres
299 4195 359 4233 cum
384 4189 522 4267 pataream
546 4187 681 4235 cessasset
705 4179 848 4249 proelium,
872 4187 987 4237 animam
1010 4194 1171 4255 receperunt
