2834 4750
517 279 726 350 umnam
755 231 766 279 ”
990 309 998 330 ·
1098 269 1174 353 'aaa

40 443 134 512 εἴτε
148 417 277 532 σημείου
298 448 356 514 oria
377 449 528 533 ἀγαθόν’
514 450 668 573 επεφύνη,
690 453 840 539 πολλῆν’
823 461 987 523 auctoriate
1000 456 1058 543 την
1079 457 1176 542 ἕρτυ·

43 574 125 614 ναν
148 546 276 630 κοίτην
299 551 437 670 ζητησιν,
456 551 500 635 μή
525 551 587 618 πού
609 581 638 620 τι
655 559 719 620 ταῖν
741 554 873 621 δεόντων
894 584 946 623 και
942 557 1175 640 ἁρμοζόντων

41 645 335 734 παρελείφθη,
315 677 333 732 η
369 657 572 734 παρθένος’
557 679 591 718 εκ
611 659 676 719 τῶν
702 661 930 742 φυλαττουσῶν
960 657 995 722 τὸ
1014 661 1173 724 α’θύτατον

41 752 127 832 πῦρ
152 746 210 833 την
225 756 403 835 παρθενίαν
421 753 554 839 tetam,
574 749 594 840 ἢ
610 761 811 839 παρανομίας
826 754 978 842 ἐπράχθη
994 742 1200 842 ὀνείδισμα,τ

12 851 119 915 inuri
140 851 236 931 χόλος
258 854 406 918 ἐντεῦθεν
429 859 515 930 θεῖος
538 865 603 930 τοῖς
621 857 794 938 Ῥωμαίοις
813 855 985 922 tuentum
1030 863 1085 922 καί
1106 861 1173 922 διε-

43 948 257 1033 ρευνιύμενοι
288 949 436 1031 πολλάκις
458 950 606 1040 εδρισκον
629 954 687 1034 τὰς
721 959 785 1022 τῶν
806 953 1021 1042 οἷτοπημοίτοτν
1045 963 1176 1034 αἰτίας·

43 1050 118 1116 καί
145 1051 371 1134 διορθούμενοι
392 1053 531 1140 ταύτας,
562 1061 616 1122 καί
636 1055 670 1121 τύ
696 1063 786 1122 θεῖον
809 1061 1073 1140 ἐξευμενίσασθαι
1093 1070 1174 1146 πλη-

48 1155 318 1272 ραφορηθίντες,
349 1154 427 1236 μετὰ
459 1155 607 1243 τοιαύτης
636 1183 841 1243 παρασκευης
876 1184 929 1223 και
961 1157 1105 1243 θάρσους
1127 1164 1202 1240 cler.
1220 1180 1307 1238 γοεγ

48 1253 140 1327 τούς
164 1255 358 1336 πολέμους’
343 1258 496 1386 εχούρουυ,
516 1262 572 1324 καί
593 1259 780 1343 κατώρθουν
801 1258 927 1340 αυτούς,
949 1257 1003 1324 ἐπί
1023 1261 1173 1344 μεγάλοις

12 1360 229 1440 Οτροτιαίοις
243 1357 302 1431 τοὶς
318 1361 407 1433 νίκας
421 1361 612 1442 ἐπαίροντες.
637 1359 707 1424 ἐπεί
720 1358 775 1426 καί
792 1362 884 1425 τούτο
904 1372 971 1439 τοῖς
989 1372 1172 1447 στρατηγοῖς

51 1454 120 1520 διὰ
146 1457 288 1541 σπδυδῆς
315 1458 371 1524 καί
400 1465 566 1546 φροντίδος
589 1463 723 1546 ἐγίνετο,
756 1461 791 1526 τὸ
815 1462 984 1548 καθαρμὸν
1007 1471 1172 1530 ποιεῖσθαι

52 1561 103 1645 τῇ
126 1563 258 1647 στρατιᾷ
281 1560 399 1635 παντὸς
422 1562 616 1645 ἀδικήματος
638 1564 694 1628 καί
714 1561 934 1650 ρὐποίσματος,
956 1570 1011 1629 καί
1029 1561 1111 1646 μετύ
1134 1564 1170 1629 τὸ

52 1663 210 1743 καθῆραι
232 1660 350 1747 ταύτην
371 1661 406 1726 τδ
430 1660 689 1748 προκινδυνεύειν
714 1669 768 1748 τῆς
800 1671 951 1749 πατρίδος
973 1659 1102 1747 ἄμεινον
1123 1659 1172 1730 εί-
1203 1723 1207 1728 .

52 1785 118 1825 ναι
140 1761 360 1843 διελογίζοντο.
413 1770 476 1838 τοῖς
509 1768 544 1828 δὲ
578 1770 634 1830 νῦν
660 1764 830 1847 Ῥωμαίοις
859 1768 951 1833 οὐδὲν
976 1769 1095 1831 τούτων
1116 1765 1179 1846 διδ,

8 1863 232 1946 λῡφροντίδος
262 1864 370 1942 ἐστίν,
403 1866 471 1928 ἄλλ’
505 1862 612 1947 οἱμὲν
643 1866 782 1950 οἶρχηγοί
807 1866 928 1931 τούτων
955 1867 1011 1931 καί
1029 1873 1172 1948 placabat

56 1959 228 2045 προφάσει
253 1963 449 2048 δημοσιακῆς
472 1966 628 2052 ω’φελείας
651 1966 691 2030 τὰ
718 1973 865 2049 χείριστα
885 1971 940 2031 καί
961 1970 1098 2048 θεομισῆ
1118 1967 1173 2030 καί

56 2063 237 2146 παράνομα
271 2061 537 2149 διαπρύττονται,
569 2063 585 2129 δ
618 2069 652 2130 δὲ
678 2068 737 2130 τού
769 2073 905 2150 στρατοῦ
938 2063 1172 2152 προηγούμενος

55 2159 337 2247 μηπροσανίχοον
361 2167 405 2254 τῷ
430 2172 566 2256 πολίμηι,
590 2171 671 2252 μηδὲ
694 2170 733 2254 τῇ
757 2172 888 2251 πατρίδι
909 2170 1015 2250 νέμειν
1035 2165 1075 2230 τοὶ
1096 2163 1172 2231 ὅσια

57 2263 325 2346 προαιρούμενος,
349 2265 479 2350 κοίτην
500 2270 535 2332 ἐκ
556 2271 611 2350 τῆς
632 2269 719 2352 νίιιης
741 2265 835 2345 δόξαν
859 2270 1071 2354 περιφρονῶν,
1091 2263 1171 2351 πρδς
1252 2314 1255 2318 1

7 2359 98 2433 2015
126 2366 301 2446 κερδαίνειν
322 2361 392 2432 ὅλον
415 2362 531 2434 ἑαυτὸν
556 2367 713 2445 ἐπιτείνει,
743 2365 872 2452 κοίτην
894 2367 1088 2453 στρατηγίαν
1109 2369 1171 2446 ίμ-

60 2467 179 2547 ποριάν
203 2468 351 2549 κέρδους,
387 2467 445 2533 ούκ
468 2471 644 2553 ου’προγίαυ
663 2472 720 2534 τοῦ
742 2471 825 2533 ἰδίου
851 2466 966 2542 ἔθνους
986 2468 1055 2531 ούδ’
1074 2465 1169 2529 εὔδο-

61 2567 136 2641 ξίαν
158 2567 339 2652 πεποίηται.
385 2568 418 2634 τδ
444 2571 479 2633 δὲ
503 2568 610 2634 λοιπὸν
630 2574 761 2655 πλῆθος,
784 2574 818 2635 ἐκ
841 2572 903 2637 τῶν
925 2568 1089 2654 ἡγεμόνοιν
1110 2566 1169 2645 τοὶς

62 2663 217 2749 α’φορμοὶς
237 2671 418 2756 λαμβάνον,
440 2667 498 2744 τὰς
532 2671 655 2746 α’δικίας
677 2670 873 2747 οἶκαθίκτους
895 2718 904 2737 .
927 2705 970 2737 .».
1005 2673 1059 2735 καί
1078 2670 1170 2736 ἀναι-

66 2974 171 3025 tionem
193 2972 448 3056 inquisitionemque
466 2990 501 3026 ne
522 2975 584 3043 quid
604 2975 752 3027 necessarii
771 2982 798 3025 et
816 2975 871 3041 apti
890 2973 1089 3057 negligeretur,
1109 2973 1169 3026 sive

68 3047 149 3113 virgo
170 3060 203 3095 ex
231 3044 273 3108 iis,
294 3061 361 3112 quae
384 3045 568 3098 custodiebant
592 3055 729 3102 aeternnm
755 3047 854 3128 iguem,
884 3046 1039 3113 virginitate
1064 3046 1169 3109 privata

68 3117 131 3179 luit,
152 3117 211 3168 eive
232 3114 322 3183 legum
340 3116 524 3185 neglectarum
543 3116 614 3169 sacta
634 3117 849 3186 eratignominia
869 3117 952 3166 etita
971 3114 1168 3165 iudeRomanis

69 3153 161 3239 diviba
185 3186 343 3237 minabatur.
383 3196 410 3239 et
436 3197 596 3258 quaerentes
617 3202 810 3255 saepenumero
838 3185 1011 3237 inveniebant
1038 3186 1168 3251 iniquita-

68 3268 124 3311 tum
143 3274 235 3310 causas
251 3267 277 3309 et
296 3261 461 3326 corrigentes
496 3274 540 3312 eas
562 3269 641 3327 atque
660 3276 690 3311 se
709 3273 808 3309 numen
827 3257 944 3309 divinum
963 3256 1086 3322 placasse
1103 3270 1168 3321 per-

69 3338 175 3383 suasum
195 3328 323 3381 babentes
343 3346 400 3381 cum
419 3331 466 3383 tali
484 3340 611 3398 apparatu
632 3340 659 3382 et
677 3331 765 3381 animo
784 3331 812 3380 in
831 3326 904 3379 bella
922 3328 1032 3379 ibantet
1051 3326 1168 3378 feliciter

68 3400 200 3469 gerebant
220 3418 266 3465 ea,
288 3403 390 3469 magnis
408 3405 527 3469 tropaeis
547 3403 674 3454 victorias
693 3401 837 3453 tollentesr
857 3399 1067 3482 quandoquidem
1089 3398 1168 3448 etiarn

68 3473 122 3523 boc
142 3472 252 3524 ducibus
272 3474 358 3525 studio
381 3483 407 3525 et
427 3490 506 3525 curae
527 3474 594 3537 fnit,
614 3482 643 3524 ut
663 3475 842 3539 expiationem
860 3472 1032 3522 instituerent
1059 3469 1166 3519 exerci-

68 3544 109 3595 tui
129 3544 214 3595 omnis
232 3545 348 3595 iniuriae
368 3552 395 3595 et
412 3546 645 3597 contaminationis
666 3552 692 3596 et
714 3546 821 3611 expiato
848 3542 900 3593 boc
922 3555 1093 3609 propugnare
1117 3554 1166 3606 pro

68 3616 155 3683 patria
174 3615 269 3667 melius
289 3630 349 3668 esse
370 3616 511 3668 ducebant.
550 3616 685 3668 hodiernis
710 3624 798 3668 autem
825 3616 950 3667 Romanis
974 3612 1043 3663 nibil
1073 3612 1167 3663 borum

69 3702 150 3739 curae
170 3684 237 3739 est:'
249 3686 296 3739 scd
314 3688 395 3739 ducet
414 3688 518 3756 quidem
537 3687 630 3738 borum
649 3704 782 3756 regesque
792 3689 884 3753 specie
904 3684 1028 3754 publicae
1043 3683 1167 3736 utilitatis

69 3760 183 3825 pessima
204 3766 230 3809 et
247 3759 298 3809 deo
318 3760 406 3810 invisa
424 3767 450 3809 et
475 3759 615 3827 illegitima
635 3760 791 3826 perficiunt:
812 3758 946 3809 exercitus
965 3764 1052 3807 autem
1079 3756 1166 3822 impe.

69 3838 138 3881 rator
158 3846 212 3882 non
232 3830 373 3882 intendens
392 3831 506 3881 animum
528 3829 601 3881 bello
621 3846 711 3898 uequc
729 3830 832 3896 patriae
850 3828 969 3880 tribucre
988 3829 1057 3879 iusta
1083 3829 1166 3879 satius

68 3902 167 3953 ducens
191 3908 219 3951 et
237 3900 350 3969 gloriam
369 3903 500 3953 victoriae
518 3900 661 3968 negligens
679 3901 712 3951 ad
736 3901 838 3951 lucrum
856 3915 887 3951 se
904 3902 987 3950 totum
1006 3900 1121 3951 advertit
1141 3906 1167 3950 et

69 3974 207 4039 imperium
225 3982 401 4025 mercatorum
420 3973 498 4035 lucri,
517 3987 571 4023 nou
592 3974 724 4029 l'ortunam
742 3973 784 4023 sui
816 3970 909 4037 populi
934 3986 1023 4038 neque
1051 3970 1164 4056 gloriam

68 4045 256 4097 reddiderunt·
276 4045 381 4131 reliqua
400 4053 488 4097 autem
507 4043 657 4127 multitudo?
677 4059 692 4094 a
711 4042 822 4094 ducibus
841 4044 919 4109 copia
944 4043 1029 4106 sacta,
1054 4043 1166 4095 iniurias

69 4117 207 4169 indomitae
227 4118 367 4168 committit
388 4124 415 4168 ct
432 4116 577 4182 impudenti
596 4112 696 4182 imp'etu
716 4122 844 4184 cognatos
870 4114 941 4165 male
967 4122 994 4165 et
1022 4115 1166 4167 crudeliter

69 4190 247 4256 persequitur,
266 4190 374 4255 rapiens
402 4196 429 4240 et
454 4189 582 4253 evincens
607 4202 676 4256 quae
701 4186 743 4241 bis
761 4194 823 4240 saut
843 4188 968 4255 propria,
997 4194 1026 4239 et
1050 4187 1166 4238 bostium
