2834 4750
498 317 705 389 HISTORIA.
1078 317 1154 391 225

33 475 216 566 δχρήσατο
237 487 398 565 μηχαναῖς
410 480 465 546 καί
484 491 706 567 στρατηγικαῖς
720 481 900 567 ἐμπειρίαις
921 483 1001 567 πρὸς
1021 481 1078 568 τη“ν
1098 485 1157 547 τοῦ

33 579 199 663 πλήθους
222 577 348 666 κοίτην
372 583 432 647 τῶν
454 579 594 649 ὁλκάδων
610 581 774 665 διάσοισιν,
794 584 837 666 μη
862 573 948 657 ὄντος
971 587 1095 663 λιμένος
1118 584 1158 670 τῇ
1281 645 1289 656 ,

32 677 165 768 Κρήτη
193 683 411 764 (α’λιμένευτος
444 681 507 767 γάρ
530 687 619 748 πάσα
640 680 744 771 ἐστι),
764 683 886 767 μακρὸν
907 678 947 746 dv
969 679 1017 766 εἴη
1038 684 1186 760 disicit-i.
1202 690 1255 748 216
1268 707 1297 748 τ.

31 786 134 845 δεῖν·
199 778 218 843 δ
246 783 281 846 δὲ
309 780 569 868 παραδοξότατόν
605 787 670 850 ἐστι
702 787 758 848 καί
780 780 861 867 πρδς
889 779 946 865 τη“ν
965 784 1022 847 του
1042 783 1159 865 άνδρδς
1227 785 1232 795 “

19 883 239 965 »educanda
270 885 366 960 λέξον
392 882 537 969 ἔρχομαι.
597 882 859 970 περιταφρεύσας
890 880 930 946 τά
966 882 1036 947 ἴδια
1064 888 1158 951 πλοῖα

32 987 187 1067 πλησίον
217 986 276 1048 τοῦ
308 982 448 1069 κάστρου
476 988 534 1050 τοῦ
565 984 737 1062 Χάνδακος
768 989 881 1070 (τοῦτο
920 982 979 1068 γάρ
1015 985 1083 1048 ἔστι
1104 985 1160 1067 τῆς

35 1079 190 1171 Κρήτης
219 1080 254 1150 τδ
277 1079 486 1167 ἰσχυρότατον
516 1089 572 1151 καί
600 1086 868 1171 ἡγεμονικώτατον
892 1080 1061 1171 φρούριον)
1085 1083 1161 1147 έκά-

34 1187 128 1266 θητυ
164 1184 227 1268 πρὸ
258 1185 315 1268 τῆς
344 1180 471 1260 πόλεως
494 1185 537 1260 (ὃς
570 1181 633 1250 άπὸ
665 1186 801 1251 σταδίων
829 1190 945 1272 τριάν,
975 1185 1161 1269 δημηγορῶν

34 1290 110 1358 τοῖς
153 1276 265 1366 ὄχλοις
300 1286 355 1348 καί
389 1293 454 1360 τοῖς
484 1285 736 1370 συστρατιώταις
770 1291 826 1351 καί
859 1281 1161 1369 συνταγματάρχοις

18 1386 99 1450 tuac*
128 1384 316 1468 ναυάρχοις
344 1378 406 1451 ὅσα
435 1387 480 1475 τῷ
508 1391 608 1474 καιρῷ
629 1385 769 1464 καὶτοῖς
792 1392 1021 1471 περικειμένας
1043 1383 1162 1466 dyosti-

36 1510 154 1566 σμασι
188 1487 375 1571 πρόσφορα·
422 1489 462 1550 ἐκ
497 1485 734 1573 μηχανημάτων
764 1489 799 1552 δὲ
832 1496 896 1564 τοῖς
923 1488 1060 1570 τείχεσιν
1087 1487 1171 1548 ε’πι-’
1221 1556 1225 1562 ,

38 1588 245 1671 καθημένων
274 1590 525 1672 σφενδονηθεῖσα
560 1592 660 1673 πέτρα
692 1588 791 1669 μέσον
819 1590 937 1654 τούτων
964 1586 1045 1670 μετά
1079 1592 1160 1650 πολ-

42 1688 108 1750 λοῦ
143 1688 202 1751 τοῦ
233 1686 344 1771 ῥοίζου
365 1689 535 1770 κατέπεσε,
569 1692 690 1772 μηδένα
711 1691 771 1769 μὲν
793 1689 974 1773 άδικήσασο
996 1690 1059 1752 τοῖν
1075 1686 1160 1751 Ῥο-

38 1789 179 1867 μοιόον,
198 1785 299 1873 φόβον
322 1790 357 1852 δὲ
389 1791 445 1853 καί
465 1787 610 1873 ἔκπληξιν
638 1788 680 1852 ου’
697 1791 830 1872 μετρίαν
851 1798 918 1864 τοῖς
939 1781 1022 1862 δλοις
1044 1783 1159 1853 ένστά-

17 1891 146 1964 λξοσα.
183 1888 200 1951 ὅ
230 1889 266 1952 δὲ
297 1890 414 1964 Φακᾶς
450 1890 578 1963 οἰκείοις
605 1895 699 1971 χιρσί
730 1888 783 1955 τδν
822 1889 1039 1973 άπορριφέντο
1069 1884 1159 1951 λίθον

39 1985 291 2072 α’νοκουφίσος,
329 1990 383 2052 καί
409 1989 513 2066 δείξας
546 1998 610 2064 τοῖς
640 1992 800 2072 παροῦσιν
833 1988 877 2063 ὥς
902 1989 1076 2070 εδμεγέδης
1105 1983 1162 2049 καί

40 2084 221 2170 χερμάδης
247 2086 315 2154 ἐστι’
338 2091 395 2152 καί
423 2092 574 2153 τοσοῦτον
604 2091 729 2173 άπέπτη
754 2087 914 2171 διάστημα
945 2079 1020 2150 ὅσον
1053 2083 1161 2149 midan*

40 2187 113 2248 τῶν
140 2189 339 2271 πετροβόλων
367 2183 512 2272 ὀργάνων
539 2185 573 2252 έν
604 2197 680 2264 τοῖς
696 2192 944 2273 καταπονηδεῖσι
965 2188 1038 2268 περί
1059 2188 1159 2249 Κιλι-

45 2289 124 2349 κιόν
145 2289 292 2369 κάπροις
315 2289 496 2352 ε’κλοκτίσαι
520 2293 730 2373 προσγέγονε,
755 2276 958 2371 παρηγγύησε
979 2287 1078 2349 πᾶσιν
1098 2285 1159 2346 άν-

16 2384 244 2472 θδρικιάτερον
258 2389 449 2472 διατεθῆναι
468 2387 524 2453 καί
543 2388 771 2472 συντονώτερον
783 2387 890 2462 sicsic
910 2378 1027 2469 ἄνδρας
1041 2387 1158 2466 ἐληλο-

43 2486 122 2563 κάσι
148 2485 394 2571 Λαιστρυγόνας
421 2482 444 2571 ἢ
475 2488 664 2563 Κύκλωπος.
708 2485 834 2573 πρώτην
863 2488 899 2551 δέ
930 2486 1077 2571 φυλακὴν
1104 2488 1160 2549 καί

46 2585 189 2672 άνδρίον
227 2588 484 2674 α’κοτογάνιστον
522 2588 613 2655 ἔθετο
645 2586 701 2653 καί
732 2582 874 2673 άγκυραν
910 2585 1169 2672 α’σφαλεστάτηκ·

46 2682 201 2766 ὑπέδειξα
222 2687 277 2775 τήν
298 2693 345 2766 εἰς
368 2689 427 2774 τη“ν
448 2690 631 2775 θεομητορο
655 2694 711 2755 καί
730 2690 885 2775 πάναγνον
907 2690 1076 2758 δέσποιναν
1097 2711 1156 2753 κο-

46 3023 168 3089 artibus,
189 3030 216 3077 et
233 3022 373 3093 prudentia
401 3025 573 3093 imperatoria
598 3023 630 3078 ad
648 3024 845 3077 multitudinem
870 3031 897 3075 et
914 3037 998 3075 nares
1016 3023 1157 3075 tractorias

46 3097 259 3160 conservandas,
280 3114 337 3148 cum
356 3112 410 3148 non
430 3102 617 3163 essetffportus
637 3096 733 3149 Cretae
760 3093 895 3165 (portibus
922 3087 992 3144 enim
1010 3101 1084 3144 caret
1101 3101 1157 3143 tota

45 3168 166 3237 insula),
185 3167 294 3235 longum
315 3177 355 3221 est
373 3167 519 3236 persequiz
550 3167 621 3235 quod
641 3174 730 3217 autem
754 3166 868 3217 maxime
886 3166 1097 3231 inexspectatum
1117 3171 1158 3215 est

45 3246 75 3289 et
104 3239 140 3290 ad
164 3240 216 3291 viri
245 3241 371 3307 pietatem
391 3240 529 3307 pertinet,
558 3237 696 3288 enarrabo.
742 3234 948 3288 circumvallans
975 3236 1084 3303 navigia
1109 3249 1159 3286 sua

45 3307 298 3377 prope'castellum
318 3310 484 3365 Chandacem
505 3308 572 3377 (hoc
592 3309 662 3359 enim
684 3316 725 3359 est
743 3308 839 3362 Cretae
858 3306 1034 3358 firmissimum
1053 3314 1080 3356 et
1098 3320 1157 3355 ma.

45 3382 121 3431 xirne
140 3381 338 3446 imperatorium
354 3386 482 3451 castrum)
504 3379 713 3449 castratenebat
730 3385 792 3429 ante
810 3377 902 3428 urbem
916 3375 1060 3428 interuallo
1078 3376 1158 3427 trium

45 3452 108 3501 iere
130 3450 292 3501 stadiorum:
320 3454 500 3518 pronuncians
524 3448 688 3502 multitudini
717 3458 743 3501 et
761 3448 890 3501 militibus
909 3455 936 3499 ct
955 3445 1157 3515 centurionibus

47 3530 74 3571 et
94 3520 205 3570 navium
223 3521 377 3573 ductoribus
397 3539 466 3591 quac
486 3522 518 3573 ad
536 3530 642 3588 tempus
660 3530 687 3573 et
705 3522 832 3572 instantia
851 3520 996 3570 certamina
1014 3526 1089 3569 erant
1107 3532 1156 3567 ac-

47 3590 231 3642 commodata:
252 3606 285 3641 cx
302 3592 432 3645 machinis
452 3601 549 3656 autem,
570 3608 641 3661 quae
652 3593 734 3644 muris
753 3592 893 3658 impositae
914 3598 998 3653 erant,
1018 3590 1088 3640 iacta
1107 3603 1156 3638 ru-

46 3660 145 3729 pesin
163 3661 333 3713 medios⁸hos
351 3662 435 3714 multo
457 3661 515 3713 cum
539 3664 658 3714 stridore
677 3662 793 3725 decidit,
811 3663 945 3713 neminem
971 3660 1076 3728 quidem
1095 3658 1155 3709 lae-

47 3734 115 3786 dens
133 3734 322 3796 Romanorum,
342 3734 464 3784 timorem
482 3740 570 3783 autem
593 3741 783 3800 stuporemque
808 3747 862 3783 non
881 3732 1013 3783 modicum
1032 3730 1156 3781 omnibus

48 3804 184 3855 inliciens.
222 3803 269 3855 sod
287 3801 390 3855 Phocus
417 3805 472 3855 suis
491 3804 614 3855 manibus
633 3806 731 3855 iactum
754 3802 870 3869 lapidem
888 3800 988 3853 tollens
1014 3809 1040 3852 et
1060 3809 1154 3853 osten.

48 3876 115 3927 dens
135 3876 168 3926 iis
187 3875 233 3943 qui
254 3874 378 3939 aderaut,
410 3882 523 3942 quantus
553 3881 624 3925 esset
649 3882 676 3924 et
700 3890 778 3941 quam
803 3871 976 3923 iaculatorius
1002 3880 1028 3923 et
1055 3879 1155 3924 tantum

49 3945 208 4010 pervolasse
228 3962 286 3997 eum
311 3943 500 4008 intervallum,
522 3950 647 4011 quantum
665 3944 736 3994 nulli
753 3945 929 3995 instrumento
949 3942 1107 3995 iaculatorio
1126 3944 1156 3994 in

50 4018 145 4068 castris
165 4018 236 4069 circa
254 4016 378 4070 Ciliciam
398 4016 544 4069 exstructis
565 4015 665 4065 eiicere
685 4016 809 4081 contigit,
828 4014 981 4080 adhortatus
1002 4022 1042 4065 est
1054 4029 1154 4079 omnes,

48 4094 79 4136 nt
100 4087 193 4139 lortius
219 4103 249 4140 so
274 4089 455 4155 disponerent
483 4094 509 4137 et
535 4086 694 4152 patientius,
722 4086 821 4154 qnippe
851 4086 896 4153 qui
923 4093 1015 4137 contra
1033 4086 1155 4138 homines

49 4154 246 4226 Laestrygones
271 4167 317 4210 aut
336 4158 475 4225 cyclopes
500 4156 616 4224 proiecti
636 4163 741 4209 essent:
765 4158 874 4223 primam
898 4164 985 4209 autem
1010 4158 1156 4210 custodiam

49 4235 78 4278 et
96 4229 220 4301 virtutem
247 4231 375 4283 inuictam
407 4230 538 4285 instituit:
563 4237 591 4283 et
609 4242 732 4283 ancoram
756 4229 930 4285 certissimam
946 4229 1105 4283 monstrarit
1121 4226 1155 4279 sd

104 4340 185 4397 Itos.
208 4340 291 4397 Anat
309 4340 381 4399 δέτι.
940 4342 973 4435 λδ
