2834 4750
512 225 790 358 Μαρια·
896 266 940 347 Q
1046 311 1060 400 [
1094 275 1175 356 'tut

58 455 134 524 τόν
157 456 327 538 πέμψαντά
349 479 400 537 με.
452 458 520 522 ἄλλ’
542 455 673 543 ἔρχεται
700 452 771 540 οόρα
800 460 852 522 ἵνα
871 459 934 533 πός
955 455 973 520 ό
994 455 1186 530 διτοκτεόνες

62 559 166 638 ὑμᾶς
186 556 260 645 δόξῃ
282 561 429 640 λατρείαν
463 559 657 644 προσφέρειν
687 561 729 646 aqi
752 558 845 644 θεῷ.”
891 557 992 634 εόθός
1013 549 1071 621 οόν
1093 548 1181 640 οἶμαι

63 661 150 722 artois
179 654 209 722 οἱ
247 660 338 732 τοῦτο
367 655 645 743 προσήμήνόμενοι
678 653 922 742 κατηρξόμεθα,
953 659 1181 739 καδόψεοδὲς

63 753 160 822 εἶναι
182 754 217 822 τό
240 761 378 843 λαληθὲν
400 760 453 824 sut
474 763 530 843 τῆς
552 756 756 843 σημειώσεως
787 755 1017 840 διεγνοόκειμεν.
1060 759 1180 837 ζέοντος

18 875 45 928 5
64 862 110 924 δὲ
133 861 193 922 τοό
217 863 356 940 πολέμου
380 863 603 926 ε’παπέστειλεν
635 860 652 924 ό
679 859 836 942 βασιλευς
853 861 908 923 κατ’
931 854 1179 941 τότ’μόγιστρον

64 957 266 1042 Βασιλόνην
287 965 340 1024 καὶ
358 963 521 1026 κατεπόνω
546 961 843 1034 Θεοδοσιουπόλεως
862 962 950 1041 μετό
962 960 1057 1023 τινῶν
1077 961 1181 1040 ἐγχω-

66 1061 156 1142 ρόων
178 1065 397 1145 στρατιωτῶν,
431 1061 474 1136 τός
504 1065 565 1126 τῶν
586 1066 704 1138 λοιποόν
735 1054 835 1126 όντων
858 1058 937 1142 μετὰ
966 1062 1026 1123 τοῦ
1050 1063 1182 1142 Τραχαο
1228 1126 1235 1132 ,

66 1157 277 1234 νειοότονοείς
299 1159 333 1224 τό
361 1163 479 1226 Χλιάτ.
531 1167 716 1244 προστεθεὶς
740 1155 807 1226 ὀόν
835 1164 879 1248 τῷ
900 1163 1063 1248 Βρυεννέιρ
1082 1160 1182 1240 μέχρι
1234 1230 1237 1234 A
1302 1224 1307 1230 ,

69 1257 164 1334 τινός
188 1259 262 1335 ταός
284 1260 535 1343 α’κροβολισμοός
552 1258 612 1326 'nat
632 1262 729 1338 ου’τός
748 1263 935 1343 ὑπεδέχετο.
979 1262 1182 1341 συνθεμένων

5 1375 54 1428 10
71 1361 112 1424 δὲ
130 1363 193 1424 ταῖν
209 1362 409 1442 στρατιωτῶν
425 1363 554 1427 κατόπιν
576 1363 676 1427 αὐτοῦ
690 1367 889 1442 ἀκολουθεῖν,
909 1367 1183 1442 πρωταγωνιστήν

9 1453 13 1458 ’
73 1456 181 1534 αὐτός
205 1464 448 1543 καθυπέσχετο,
481 1447 544 1527 καῖ’
563 1461 664 1538 εόθός
693 1461 872 1548 ἐξορμήσας
895 1463 979 1526 νεότα
999 1455 1183 1524 δεδωκότων

70 1562 139 1622 τοῖόν
169 1556 316 1624 ἐναντίων
352 1563 472 1626 ἐδίωκε.
525 1560 808 1646 σννακολρυθήσας
842 1563 871 1626 δ’
900 1560 988 1649 αότρῖ
1004 1555 1101 1640 -μετό
1123 1559 1182 1623 soti

73 1660 223 1740 πλήθους
246 1659 261 1722 ό
286 1664 475 1744 Βρυέννιος,
507 1657 575 1728 εἶτα
597 1661 673 1737 τούς
704 1664 848 1748 ῥυτῆρας
870 1658 906 1726 έκ
926 1658 1127 1754 συνθήματος
1148 1657 1183 1721 θ’
1257 1695 1285 1735 J

72 1760 189 1846 α’γνοόρι
212 1761 267 1824 τοῦ
287 1766 486 1827 Βασιλακόον
511 1756 730 1846 όνέχειντοός
763 1764 844 1849 ἄμφ’
877 1759 976 1828 αότόν
993 1755 1182 1843 προτρεψό-

17 1881 61 1933 15
73 1882 184 1941 μενος,
207 1861 330 1945 α’φήκεν
352 1863 450 1928 αότόν
470 1862 549 1943 μετό
574 1866 637 1929 τῶν
659 1867 858 1944 πειθομένων
879 1860 982 1950 τούτῳ
1003 1862 1059 1924 καί
1076 1859 1182 1939 μόνων

75 1961 223 2042 α’κρατοός
245 1960 369 2026 διαόκειν
394 1967 447 2028 ἐπὶ
460 1964 574 2028 nott„
598 1963 668 2028 ἕπετ’
692 1967 727 2028 δὲ
751 1967 793 2051 aqi
806 1961 929 2046 χάρακι
948 1965 1017 2026 ταῖν
1031 1961 1182 2024 ἐναντίων

75 2064 272 2142 προσέμιξε,
311 2065 519 2149 διαπαρέντος
544 2067 603 2128 τοῦ
632 2064 730 2141 ἵππου
760 2066 918 2146 προσέσχε
939 2064 978 2147 τῇ
999 2060 1058 2149 νῇ,
1083 2055 1183 2142 {isim

80 2148 152 2226 τῶν
170 2156 273 2226 όπλων
304 2161 548 2250 ἐπιφερόμενος·
603 2162 653 2228 διό
685 2163 740 2228 καί
769 2156 995 2247 περιχυθέντες
1022 2158 1122 2226 αότόν
1152 2153 1184 2222 οἱ

78 2266 227 2342 πολέμιοι
250 2265 367 2353 ζωγρίρι
388 2265 599 2346 λαμβάνουσι.
1218 2254 1220 2258 ,

25 2384 67 2437 20
183 2363 441 2450 Καταλαβοόσής
464 2368 499 2430 δὲ
521 2363 636 2452 ταύτης
659 2368 714 2449 τής
737 2362 885 2449 α’γγελόας
907 2363 962 2430 τόν
973 2362 1108 2446 βασιλέα
1129 2350 1185 2425 κατ’
1236 2443 1240 2447 ρ
1307 2392 1309 2394 ’
1356 2391 1359 2394 ν

80 2462 136 2527 τόν
159 2461 313 2549 στρατόν,
339 2467 441 2529 δειλιά
463 2470 517 2532 κατ’
538 2468 692 2533 κινδόνων
716 2469 804 2541 ἐλπὶς
831 2475 896 2542 τοῖς
915 2465 1084 2546 Ῥωμαιοις
1105 2464 1210 2558 ε’πέ-ᾗ,

80 2580 225 2650 σκήψεν,
249 2570 318 2657 ἐπεὶ
338 2569 392 2631 κατ’
414 2565 443 2632 οἱ
473 2570 667 2652 τραυματίαι
695 2568 840 2655 φορόδήν
868 2568 1015 2650 α’γόμενοι
1036 2564 1093 2630 καί
1114 2571 1183 2642 ταῖς

84 2884 314 2944 contempserunt,
342 2885 434 2931 vestra
459 2893 566 2948 quoque
599 2887 782 2933 contemnent:
811 2879 880 2932 baec
904 2895 971 2933 voro
991 2878 1079 2931 omnia
1104 2880 1183 2933 vobis

84 2949 197 3011 facient,
218 2949 288 3018 quod
302 2950 360 3019 quis
379 2965 421 3001 me
440 2952 543 3003 miserit
561 2952 693 3021 ignorant.
732 2952 780 3005 sed
797 2952 873 3005 adest
891 2959 1005 3018 tempus,
1025 2951 1071 3002 ubi
1090 2966 1182 3005 omnes

83 3020 126 3089 qui
146 3034 194 3072 vos
215 3020 353 3085 occident,
373 3022 423 3074 deo
440 3024 544 3075 servire
563 3023 750 3077 videbuntur.“
774 3024 860 3074 statim
880 3038 945 3075 uero
963 3022 1098 3104 tpepidaro
1116 3037 1184 3073 coe.

83 3092 176 3159 pimus,
197 3094 242 3159 qui
260 3091 311 3158 bac
331 3109 365 3144 ex
382 3109 412 3145 rc
427 3095 648 3162 significationem
670 3108 841 3161 ceperamus:
861 3109 927 3146 vera
947 3106 1017 3145 curm
1036 3107 1097 3144 esso
1115 3107 1184 3159 quae

83 3161 194 3226 dicebat,
215 3163 241 3212 in
260 3164 458 3231 significatione
483 3181 704 3233 cognoveramus.
751 3165 861 3216 ardente
880 3169 969 3215 autem
995 3161 1069 3215 bello
1089 3178 1139 3213 rex
1156 3170 1183 3213 et

83 3232 222 3285 Basilacen
241 3238 392 3302 magistrum
410 3244 435 3287 et
449 3236 672 3303 Theodosiopolis
692 3236 857 3303 praefectum
876 3252 935 3286 cum
954 3234 1051 3286 innatis
1071 3233 1183 3301 quibus·

84 3306 140 3355 dara
157 3304 278 3357 milititus
299 3306 432 3360 Chliatum
453 3309 541 3371 misit,
563 3308 676 3375 reliquis
703 3323 760 3359 cum
780 3307 956 3359 Trachauiote
976 3305 1114 3373 proiectis.
1133 3304 1183 3355 ad-

84 3376 151 3427 ditus
169 3377 251 3444 igitur
270 3378 405 3445 Bryennio
426 3378 587 3447 aliquamdiu
606 3378 712 3447 proelia
731 3381 834 3431 eminus
851 3378 921 3431 iacta
941 3385 967 3428 et
989 3379 1048 3444 ipse
1067 3373 1182 3442 excepit.

83 3445 208 3497 militibus
227 3455 315 3500 autem
336 3466 394 3500 eum
414 3465 429 3500 a
447 3457 524 3519 tergo
544 3452 620 3517 sequi
640 3450 816 3502 adnuentibus
829 3452 915 3517 ipsum
933 3465 964 3501 se
979 3463 1043 3515 prae
1062 3445 1184 3500 omnibus

85 3525 258 3584 pugnaturum
278 3536 337 3572 esse
356 3519 561 3589 pollicitus-est,
582 3523 723 3589 statimque
750 3522 898 3590 profectus,
917 3536 975 3572 cum
995 3520 1087 3571 hostes
1107 3526 1184 3584 terga

85 3589 225 3652 dedissent,
248 3606 293 3641 eos
313 3591 532 3659 persequebatur,
553 3593 684 3661 simulque
711 3610 769 3644 cum
790 3608 821 3644 eo
841 3593 993 3658 Bryeunius
1012 3605 1072 3641 cum
1089 3588 1182 3639 multi.

85 3660 188 3711 tudine:
207 3667 261 3711 tum
275 3677 340 3715 vcro
355 3662 440 3727 irena,
461 3672 490 3713 ut
505 3673 677 3729 convenerat,
698 3666 838 3732 ignorante
850 3664 983 3716 basilacio
1002 3660 1101 3714 tollere
1119 3674 1183 3711 suos

85 3731 160 3783 iussit
179 3740 205 3783 et
224 3732 322 3785 dimisit
347 3749 406 3783 cum
427 3749 484 3784 cum
503 3736 546 3800 iis,
575 3738 618 3804 qui
645 3735 707 3787 huic
728 3736 780 3789 soli
805 3742 939 3802 parerent.
960 3742 989 3785 ut
1007 3731 1182 3785 vehementer

85 3800 163 3867 longe
182 3812 416 3873 persequerentur.
438 3820 495 3855 cum
515 3815 601 3857 autem
615 3807 688 3858 vallo
708 3807 823 3857 hostium
843 3806 1091 3873 appropinquasset,
1111 3816 1182 3870 equo

86 3872 229 3925 transfosso
245 3877 271 3924 in
292 3885 389 3926 terram
409 3877 501 3927 incidit
518 3892 646 3927 armorum
661 3879 793 3945 gravitate
814 3892 981 3943 suppressus.
1019 3878 1109 3942 itaque
1128 3874 1181 3925 bo-

88 3949 136 3993 stes
155 3946 307 3997 circumfusi
327 3948 416 4009 vivum
437 3962 496 3999 euin
517 3950 631 4014 capiunt.
701 3997 705 4007 ,
925 3945 929 3950 ’

182 4032 240 4095 Quo
259 4035 352 4084 nuntio
377 4035 409 4084 ad
427 4050 519 4101 regem
539 4034 620 4085 aliato
641 4043 667 4084 et
691 4035 724 4085 ad
744 4036 907 4097 exercitum,
928 4033 1022 4086 Graeci
1041 4034 1181 4086 timiditate

89 4103 306 4225 etpericulorum
333 4113 404 4156 metu
429 4107 550 4173 oppressi
579 4114 649 4171 sunt,
669 4121 728 4158 cum
754 4108 832 4158 etiam
853 4105 984 4159 vulnerati
1004 4114 1180 4175 apportaren-

90 4181 115 4225 tu
147 4181 256 4243 propter
273 4174 412 4231 uulnerum
432 4177 550 4231 dolorem
575 4178 748 4247 suspirantes.
792 4186 900 4232 coactus
917 4179 1000 4248 igitur
1017 4194 1066 4231 rex
1085 4190 1179 4246 egres-
