2834 4750
219 297 291 375 Ιιοιι
517 302 738 372 utentum
767 280 1025 371 rrrtmorln

214 474 296 560 perd
318 479 376 540 rori
407 471 554 554 συνόντος
576 477 678 542 edred
701 477 857 562 αρσχονοιῖ
880 479 938 540 rod
959 479 1174 561 Ἀνδρονίκου,
1200 473 1243 542 όν
1264 480 1324 544 αδ-

216 599 270 653 ιος
290 581 424 660 βασιλέα
447 576 676 663 χειροτονήσας
695 578 738 653 oi:
760 579 912 660 όνδχνρον
941 571 1208 674 ἧσνστρότηγον
1231 575 1323 663 εἶχεν,

216 671 237 761 ἢ
258 677 354 743 τόπον
375 678 624 764 α’ντισηκοόσοντα
645 678 771 762 τούτου,
804 675 839 742 εἴ
857 704 899 767 πῃ
921 679 1072 752 πολλάκις
1094 677 1256 765 παρήκων
1275 684 1327 745 καί

208 773 344 864 “όπλίτιχς
363 775 581 861 ἐπιτιθέμενος
609 788 673 855 τοῖς
693 782 823 862 ἐχθροῖς
845 780 973 862 καιρίαν
1005 779 1049 855 ὥς
1070 773 1252 864 ἅνθρωπος
1275 785 1325 846 δὲ-

215 885 309 961 ξοιτο.
355 879 451 958 αδτός
473 884 508 946 δὲ
522 883 600 961 μετὰ
619 877 722 966 πόσης
742 884 796 963 τῆς
816 882 915 945 ἵππου
931 883 1120 945 κατεδίωκον
1139 881 1252 964 όπίσω
1267 887 1344 951 τῶνα
1392 866 1396 971 l

215 985 374 1052 δνσντιλνν.
418 984 473 1048 καί
494 980 547 1048 διό
570 986 693 1046 πολλῶν
716 977 924 1068 ὑψηλοτάτων
945 986 1069 1063 βοννῶν
1090 985 1151 1046 τῶν
1174 986 1240 1065 τῆς
1266 989 1324 1048 Te-

117 1081 120 1088 ’
217 1083 332 1169 φρινῆς
357 1085 581 1167 διερχόμενος,
614 1083 669 1146 καί
697 1092 767 1158 ιοῑς·
792 1084 923 1165 ἐχθροῖς
951 1085 1136 1165 ἐπιτεθῆναι
1168 1082 1262 1148 κατεῖ
1290 1085 1323 1148 τό

216 1180 383 1266 ι’μκόρσιον
419 1182 625 1267 δκειγόμενος,
647 1179 731 1262 odeo>
766 1182 821 1248 τόν
839 1181 979 1266 ,στρατόν
1007 1182 1252 1266 κατειργάσατο
1273 1185 1323 1265 κός,

217 1287 317 1348 καίτοι
341 1286 404 1348 τεόν
426 1281 553 1367 ἐχθρῶν
575 1283 703 1368 ἔγγιστα
723 1280 944 1367 τυγχανόντων
973 1284 1029 1347 καί
1048 1287 1244 1350 θεαθόντων
1266 1286 1325 1349 αι’-

216 1390 302 1464 ιελς,
324 1381 368 1469 μὴ
401 1383 564 1451 δόνασθαι
592 1392 658 1461 τοϊς
680 1389 755 1470 περὶ
774 1380 872 1449 adedo
903 1385 1150 1467 ταχαδρομῆσαι
1173 1385 1234 1450 διό
1263 1390 1356 1459 τοῖνιο
1395 1378 1396 1393 ¹

216 1485 320 1563 ἵππων
337 1483 401 1572 {nol
431 1485 557 1570 μνήμης
588 1480 674 1565 όξιον
709 1482 902 1566 κατόρθωμα
934 1484 1186 1565 διαπράξασθαι.
1238 1480 1323 1568 ὅμως

215 1588 322 1666 μέντοι
343 1588 385 1670 τῷ
406 1586 549 1674 α’δοκὴιιρ
572 1591 630 1652 τοῦ
645 1583 831 1672 πράγματος
846 1582 1207 1651 κατασεισθόντωντῶν
1230 1589 1324 1651 ἐναν-
1396 1640 1397 1677 4

213 1688 303 1767 τίων,
340 1687 397 1750 καί
418 1688 457 1772 τῇ
480 1685 570 1775 φήμῃ
603 1691 657 1771 τῆς
679 1690 734 1753 τοῦ
768 1689 926 1767 βασιλέως
956 1686 1142 1760 ἐπιστασίας
1175 1688 1324 1770 ἰσχυρῶς
1396 1698 1397 1779 l

213 1785 497 1872 ἐπιναριιησόντων,
512 1785 610 1863 uelde
627 1788 686 1869 μὲν
700 1783 796 1872 φόνος
817 1782 935 1850 τούτων
955 1787 1077 1867 ἐγένετο
1093 1787 1214 1851 αὐτίκα
1238 1791 1322 1850 codro
1396 1782 1397 1801 l

214 1885 399 1952 δεδωκότων
430 1889 485 1952 καί
510 1887 589 1972 πρός
612 1886 716 1974 φυγὴν
748 1883 963 1971 όρμησόντων.
1008 1878 1079 1950 ὅσοι
1099 1888 1135 1950 δὲ
1156 1891 1215 1951 καί
1240 1891 1354 1970 ζων-15

215 1987 287 2077 ρείςι
319 1984 484 2071 ἑάλωσαν,
515 1991 609 2055 οὐδὲν
638 1988 804 2052 α’ποόναντο
832 1989 889 2069 τῆς
925 1985 1010 2062 ἰδίας
1042 1988 1133 2071 ζωῆς,
1152 1986 1340 2071 μαχαίρας
1397 2000 1398 2009 ’

212 2087 303 2172 ἔργον
322 2088 491 2171 γενόμενοι.
549 2089 709 2176 ῆιμίντοι
743 2090 812 2153 λεία
835 2093 940 2168 πᾶσα,
973 2087 1033 2150 α’πό
1059 2081 1240 2170 δνθροόπον
1263 2089 1321 2158 ἕως
1397 2112 1398 2117 “

184 2241 186 2244 -
212 2190 352 2274 κτὴνσνς,
373 2193 630 2274 όλενθερονθεϊσα
653 2191 708 2256 τόν
724 2194 862 2273 βασιλέα
883 2187 937 2252 καί
958 2185 1083 2275 γλοόσσῃ
1097 2191 1154 2251 καί
1170 2187 1320 2267 θαόματι

183 2328 186 2333 ·
216 2289 433 2378 ἐπευφήμησε.
484 2295 539 2356 καί
572 2293 634 2377 γὰρ
672 2288 861 2373 θαυμαστόν
897 2292 941 2377 τῷ
976 2280 1045 2353 dore
1074 2291 1129 2355 καί
1158 2283 1320 2369 ἀξιόλογον
1397 2310 1398 2313 ’

213 2393 348 2477 γέγονεν,
382 2395 434 2458 ἵνα
460 2391 612 2474 βασιλικός
634 2393 802 2474 Ῥωμαίων
833 2392 978 2474 δκρατοός
1009 2388 1106 2475 διώκῃ
1132 2394 1234 2473 χωρίς
1265 2390 1355 2470 τῆξαι)

215 2492 333 2569 οἰκείας
355 2495 545 2579 ἀποσκευῆς,
564 2492 643 2577 μετὰ
665 2492 766 2575 μόνον
785 2495 840 2557 τοῦ
863 2495 947 2557 ἰδίαν
970 2493 1145 2567 ὁπλιτικοῦ,
1170 2487 1227 2556 dne*
1243 2486 1316 2561 ὅλας

214 2590 336 2679 ἡμέρας
354 2592 447 2677 dated,
469 2594 523 2661 διό
544 2594 648 2677 τόπων
670 2595 844 2679 όδήλωιίτε
866 2597 922 2659 καί
934 2593 1074 2674 α’βότων,
1093 2588 1150 2657 καὶ
1161 2588 1208 2677 με)
1233 2592 1317 2655 α’πσ-

213 2688 297 2782 τόχχ
319 2698 376 2778 τῆς
399 2694 555 2780 ἐπιβολῆς.
1108 2722 1112 2727 ’

287 2883 311 2935 1.
333 2878 432 2957 calepi?

218 3090 277 3128 cam
298 3074 355 3127 eins
374 3073 516 3143 privigno,
537 3076 582 3143 qui
602 3076 712 3141 aderat,
730 3072 900 3138 Andronico,
928 3087 1006 3140 quem
1026 3072 1132 3140 quidem
1147 3070 1208 3139 ipse
1225 3084 1316 3140 regem

216 3163 309 3199 crenus
328 3154 358 3198 ut
377 3147 474 3217 pignus
500 3156 547 3200 aut
574 3148 680 3215 imperii
705 3147 807 3200 socium
834 3144 949 3197 habebat
974 3153 1021 3195 aut
1038 3151 1211 3210 aequaturum
1229 3143 1316 3195 loenm

217 3220 295 3272 huius
321 3220 344 3270 si
371 3220 424 3287 qus
451 3235 532 3287 saepe
556 3221 688 3272 accedens
709 3227 736 3270 et
754 3234 813 3270 cum
830 3218 907 3287 graui
926 3223 1057 3267 armatura
1072 3216 1176 3267 instans
1196 3213 1315 3267 hostibus

133 3328 136 3335 ,
217 3291 314 3344 vulnus
340 3290 476 3343 letilerum
493 3300 523 3342 ut
548 3292 627 3343 homo
656 3292 802 3357 acciperet.
849 3291 909 3356 ipse
935 3296 1101 3340 autemeam
1121 3288 1315 3353 totoequitatu

217 3362 429 3430 persequebatur
449 3360 541 3414 hoste‘s
561 3370 588 3413 et
605 3378 654 3429 per
676 3361 774 3413 multos
795 3361 939 3413 altissimos
958 3359 1043 3411 colles
1062 3366 1151 3409 terrae
1170 3357 1316 3424 ‘lephricae

217 3434 380 3501 perveniens
407 3441 433 3484 et
459 3431 579 3484 hostibus
604 3434 705 3485 instare
736 3448 769 3483 er
797 3432 908 3499 obliquo
933 3432 1096 3482 contendens
1115 3432 1152 3480 ita
1172 3431 1316 3481 exercitum

216 3505 340 3573 perfecit,
359 3510 389 3555 ut
408 3516 564 3573 quamquam
584 3500 676 3555 hostes
695 3503 810 3568 proximi
829 3513 920 3555 essent
940 3510 967 3554 et
983 3502 1017 3554 ab
1036 3501 1068 3552 iis
1088 3502 1315 3567 conspicerentur,

206 3586 304 3629 'tamen
323 3590 378 3626 non
397 3581 509 3643 possent
528 3574 585 3623 eius
605 3572 735 3624 militibus
753 3587 802 3639 per
822 3589 905 3640 equos
925 3574 1052 3626 celeriter
1082 3588 1191 3625 currere
1211 3580 1238 3623 et
1259 3587 1315 3621 mc-

216 3649 300 3698 moria
332 3647 440 3714 dignuin
467 3645 566 3696 lactum
592 3659 692 3711 agere:
722 3651 836 3695 attamen
864 3661 922 3696 cum
942 3648 1127 3713 inexspectata
1145 3659 1175 3694 re
1195 3643 1316 3694 concussi

219 3726 310 3769 esseut
333 3716 424 3769 hostes
450 3716 563 3767 etfama
593 3715 706 3779 impetus
735 3716 808 3783 regis
827 3716 906 3768 ¹ualde
924 3717 1083 3781 horrerent,
1109 3730 1206 3783 magua
1225 3714 1316 3766 caedes

217 3787 311 3838 horum
331 3787 468 3852 sacmeel,
488 3801 547 3837 cum
567 3785 654 3838 statim
672 3792 749 3854 terga
769 3786 904 3841 dedissent
924 3791 996 3840 etin
1016 3789 1106 3856 fugam
1125 3802 1154 3839 se
1165 3787 1316 3846 vertissent,

122 3894 124 3903 ,
216 3872 270 3909 non
290 3872 365 3908 usum
387 3857 535 3908 habuerunt
553 3871 617 3909 suae
636 3857 719 3920 vitae,
740 3858 822 3926 gladii
842 3875 909 3925 opus
930 3861 1009 3911 lacti:
1028 3860 1127 3926 praeda
1136 3866 1226 3909 autem
1237 3857 1317 3907 omnis

217 3928 249 3980 ab
273 3927 380 3979 homine
400 3943 484 3994 usque
503 3929 535 3979 ad
553 3927 682 3994 pecudem
702 3930 814 3981 liberata
832 3948 923 3999 regem
943 3940 971 3983 et
989 3933 1082 3998 lingua
1106 3938 1132 3980 et
1147 3930 1317 3980 admiratione

222 3997 387 4051 celebravit:
408 3999 504 4048 etenim
524 3999 680 4051 admirabile
699 4002 822 4068 prolecto
844 4012 872 4054 ct
897 4003 1071 4053 memorabile
1098 4002 1158 4065 luit,
1185 4001 1256 4068 quod
1274 4012 1318 4049 rex

222 4071 384 4124 Graecorum
404 4071 601 4123 incontinenter
623 4077 838 4137 persecutionem
864 4076 1018 4142 exsequitur
1043 4076 1101 4126 sine
1129 4073 1247 4140 propriis
1269 4072 1317 4120 irn-

221 4141 381 4211 pedimentis
411 4158 469 4195 curn
496 4143 553 4197 sola
580 4159 628 4198 sua
646 4148 738 4214 gravis
756 4156 908 4199 armaturae
928 4162 1008 4201 manu
1027 4153 1099 4200 totos
1117 4145 1175 4198 dies
1194 4150 1256 4195 octo
1274 4155 1318 4209 per

219 4214 283 4273 loca
300 4215 393 4284 ignota
412 4221 439 4270 et
457 4215 532 4272 invia
551 4230 640 4286 neque
657 4217 756 4271 excidit
774 4218 922 4286 proposito.
