2834 4750
253 241 304 346 to
546 267 765 342 moninus
796 265 1054 337 emimontu

253 436 512 501 συνανιλθάντων
528 457 535 466 ·
549 432 646 518 τυάτφ
684 433 731 507 εἰς
759 431 799 496 τά
835 432 994 514 άνάιιτορα
1020 427 1075 494 καί
1104 428 1369 511 συμβασιλεύειν

249 536 474 618 γεγενημένων,
497 526 542 598 ὧν
563 534 599 596 δὲ
620 531 700 614 μετά
722 531 780 616 τήν
800 533 969 613 βασιλείαν
986 534 1201 614 γεννηθέντων
1222 527 1286 592 κατ’
1307 530 1365 592 ad.

252 634 400 719 ’τ’άχρημα
423 637 580 716 βασιλέων
598 633 858 715 άναδειχθάντων
872 634 928 696 κάτ’
947 634 984 720 τῇ
1002 634 1180 717 πορφυρίδι
1198 628 1288 694 κατά
1314 628 1369 693 τὸν

253 738 316 802 τοῖν
333 731 499 816 Ῥωμαίων
519 731 655 815 ἐθισμὸν
678 735 972 814 συναναδοθὲντων,
994 736 1050 797 καί
1069 735 1126 795 τοῦ
1146 733 1203 814 τῆς
1225 726 1369 814 Acrot-

252 859 327 920 στης
350 840 384 900 ἐν
407 838 578 922 εἀριζσάσρ
607 836 647 922 τῇ
678 832 783 921 ἡλικίᾳ
811 825 949 915 ἄνθους,
977 834 1016 895 ου’
1048 829 1148 904 noti<
1171 831 1262 913 λόγος
1288 831 1388 894 ocidit

252 935 431 1018 παράθεσις
451 934 532 1017 πρὸς
557 933 615 1020 τὴν
638 937 700 998 τῶν
723 934 945 1013 ἀντικειμένων
974 932 1109 998 τουτωνί
1127 927 1285 1011 ἅμιλλαν.
1332 931 1366 994 τὸ

252 1039 289 1102 δὲ
309 1037 355 1112 εἰς
377 1033 482 1100 κοινάν
502 1025 576 1118 ἧκον
599 1027 713 1120 ὄφελος
733 1035 915 1112 ἐξεταστέον
940 1026 983 1110 ὥς
1005 1034 1259 1114 προδιειλνγπται.
1308 1032 1367 1111 τῆς

251 1141 311 1218 μὲν
332 1134 393 1220 γάρ
418 1137 531 1210 κακίας
562 1137 664 1200 ταῦτα
694 1137 855 1217 ἐπίχειρα.
897 1134 979 1200 κατά
1005 1136 1065 1214 μὲν
1084 1130 1143 1213 τήν
1162 1128 1248 1196 ἐάαν
1275 1133 1367 1214 ἐληί-

253 1240 343 1318 ζοντο
366 1233 469 1302 πάντα
488 1239 544 1300 καί
567 1239 796 1322 διεφθείροντο.
829 1240 869 1320 τῇ
892 1236 927 1299 δὲ
947 1238 1009 1300 τῶν
1030 1235 1247 1318 Νεφθαλιτιδν
1276 1228 1366 1296 Οὕν-

250 1362 312 1404 νων
333 1331 402 1422 ἦτοι
417 1339 481 1404 τιδν
504 1334 653 1420 Τοάρκων
666 1337 825 1421 ἐπιδρομῇ
842 1339 897 1400 κιιί
910 1333 1108 1417 κατισχάσει,
1129 1330 1184 1397 καί
1204 1335 1245 1418 τῇ
1266 1335 1397 1418 decepti

250 1433 456 1530 rinopgcapriost
480 1438 536 1501 καί
556 1438 680 1517 δείματι
704 1438 768 1500 τιδν
791 1436 997 1518 ἠμελημένων
1017 1432 1223 1518 στρατιωτῶν
1243 1433 1285 1495 ἔκ
1305 1435 1365 1495 rori

247 1536 428 1617 Ῥωμαϊκοῦ
443 1533 631 1619 καταλόγου,
653 1534 708 1600 καί
730 1544 875 1617 σονεχεῖς
890 1536 1036 1618 ὑπῆρχον
1057 1533 1090 1597 αἱ
1113 1533 1283 1615 ἐκδρομαί.
1313 1535 1365 1594 καί

251 1635 456 1720 ἧεάδαίμων
483 1637 577 1721 χοάρα
604 1641 659 1720 τῆς
684 1637 824 1719 Ἰβηρίας
852 1639 1013 1710 παντελοῦς
1045 1632 1275 1719 κατηρείποοτο,
1301 1626 1362 1717 ἤδη

250 1742 560 1822 προκατειργασμένα
584 1732 628 1812 ὥς
650 1734 789 1816 εἴπομεν.
839 1734 1080 1817 μετελάμβανον
1110 1737 1146 1800 δὲ
1167 1736 1225 1799 τοῦ
1247 1734 1363 1798 δεινοῦ

251 1836 307 1902 καί
326 1831 401 1902 ὅσαι
427 1833 536 1926 ταύτῃΙ
560 1841 766 1919 παρέκειντο,
793 1839 1031 1917 Μεσοποταμία
1061 1859 1095 1900 τε
1129 1837 1186 1900 καί
1213 1834 1395 1913 moiun

253 1938 419 2024 Μελιτηνν)
440 1941 495 2004 καί
515 1936 683 2004 Κυλώνειοι
704 1936 883 2024 adiecisti
904 1936 1063 2026 Εὐφράτῃ
1086 1940 1279 2020 συγκείμενα
1306 1960 1364 2000 πο-

251 2042 357 2123 ταμῷ·
401 2037 457 2104 καὶ
484 2039 515 2103 εἰ
543 2037 588 2122 μὴ
622 2035 862 2121 στρατεύμασιν
892 2041 1009 2119 ἐνίοτε,
1025 2039 1209 2118 μᾶλλονδὲ
1232 2033 1363 2121 φήμαις

252 2134 420 2218 δυνάμεων
443 2143 617 2224 διείργοντα
630 2138 669 2205 τά
686 2141 751 2205 τοῖν
768 2137 956 2224 βαρβάρων,
977 2141 1036 2205 καί
1044 2163 1091 2214 τις
1114 2134 1255 2221 άρχνγγάς
1280 2140 1360 2201 tori-

251 2263 314 2304 τιον
335 2241 571 2326 Χωροσάλαρις
593 2236 678 2306 οὕτω
703 2240 876 2323 λεγόμενος,
903 2241 1009 2325 ἓτερυς
1031 2243 1067 2305 δὲ
1087 2240 1279 2322 Ζαμοιὶχης,
1304 2240 1361 2324 τήν

250 2333 335 2425 ἥττω
360 2340 689 2429 συμβαλόντεςτάχῃ
724 2343 787 2407 τινί
813 2340 921 2425 α’γαθῆ
947 2340 1183 2427 ἐκληρώσαντο,
1212 2332 1274 2405 κάν
1307 2346 1394 2413 καίει

251 2447 350 2525 μεχρι
371 2444 534 2519 Γαλατίας
570 2442 625 2509 καί
645 2438 838 2527 Ὁνωριάδος
860 2409 916 2507 καί
944 2443 1046 2526 αὐτῆς
1070 2444 1215 2528 Φρυγίας
1238 2441 1278 2525 τὸ
1306 2447 1360 2507 άν·

251 2542 381 2609 τίιιαλον
409 2546 613 2627 περιέδραμε.
667 2546 721 2608 καί
755 2540 805 2607 ὅτι
842 2548 903 2625 μὲν
945 2543 1082 2627 άνάγκνγς
1113 2544 1359 2629 κατεπειγούσης

251 2642 412 2710 ἐστέλλετο
434 2640 674 2726 στρατιωτικόν,
701 2645 759 2708 οάκ
781 2642 843 2709 άπὸ
864 2644 1003 2728 τρόπον·
1058 2639 1106 2708 ὅτι
1129 2646 1164 2707 δὲ
1182 2640 1284 2727 ψιλὸν
1306 2646 1361 2709 καί

322 2818 348 2869 5.
368 2818 548 2890 ἐνεβριξοάσνγ
567 2819 597 2874 G.

252 2968 341 3038 beris,
362 2990 474 3042 qnorum
492 2974 539 3027 alii
560 2976 658 3044 prir'ati
678 2976 799 3029 homines
819 2993 878 3027 cum
897 2978 949 3029 hoc
968 2979 996 3028 in
1013 2980 1115 3046 regiam
1134 2978 1314 3030 ascenderant
1332 2988 1357 3031 et

253 3044 417 3113 principatus
446 3047 590 3115 participes
618 3049 681 3100 iacti
706 3057 790 3113 erant,
820 3049 867 3098 aiii
894 3051 1005 3115 imperio
1028 3058 1138 3115 accepto
1157 3050 1213 3099 nati
1233 3058 1260 3100 et
1282 3051 1355 3101 illico

252 3131 331 3184 reges
357 3116 484 3171 declarati
510 3127 536 3171 et
564 3136 681 3187 purpura
707 3136 740 3171 ex
759 3120 918 3171 Graecorum
943 3136 1017 3170 more
1036 3122 1126 3172 donati
1146 3128 1231 3185 eraut,
1251 3129 1279 3171 et
1299 3122 1355 3173 ssori

252 3187 391 3255 Augustae
411 3192 559 3242 iuventutis
579 3208 628 3243 ver
647 3192 780 3259 degentis,
801 3208 854 3242 non
874 3192 972 3243 multus
992 3200 1049 3242 erat
1067 3208 1153 3244 sermo
1173 3208 1263 3259 neque
1284 3210 1356 3243 com-

252 3261 356 3325 paratio
368 3277 426 3311 cum
438 3263 620 3329 oppositorum
639 3263 733 3314 horum
746 3266 900 3314 certamine.
939 3265 966 3313 in
985 3279 1149 3314 communem
1164 3272 1252 3315 autem
1264 3268 1355 3315 socie-

251 3336 332 3379 tatem
351 3345 420 3397 quae
441 3334 601 3384 redundaret
618 3333 719 3386 utilitas
739 3336 951 3403 investigandum
971 3344 999 3386 ut
1020 3343 1098 3386 antea
1116 3335 1287 3385 diiudicatum
1315 3338 1354 3387 sit.

252 3400 427 3467 improbitatis
448 3404 517 3453 enim
536 3404 603 3455 haac
623 3414 663 3457 est
681 3422 783 3473 poena:
805 3409 832 3457 in
843 3407 948 3456 oriente
967 3407 1073 3473 quidem
1085 3406 1257 3473 rapiebantur
1269 3409 1356 3458 omnia

253 3479 280 3522 et
303 3472 468 3536 delebantur,
488 3473 698 3527 Neutbaiitarum
727 3487 814 3529 autem
833 3477 987 3528 Hunnorum
1009 3479 1070 3528 ‘sive
1090 3477 1233 3528 'furcarum
1263 3480 1355 3530 incur-

252 3544 328 3595 sione
349 3552 375 3595 et
393 3545 492 3596 virtute
504 3554 531 3595 et
550 3556 643 3598 coactu
657 3548 721 3615 iuga
741 3557 767 3599 et
780 3550 874 3598 timore
893 3548 1079 3617 neglectorum
1096 3548 1208 3599 militum
1228 3564 1354 3619 egraeco

251 3614 360 3666 delectu
389 3617 466 3668 etiam
495 3619 615 3669 continui
645 3619 822 3685 suppetebant
847 3620 983 3685 impetus,
1015 3628 1042 3670 et
1065 3619 1143 3671 beata
1161 3627 1234 3671 terra
1251 3620 1354 3672 iberiae

252 3687 359 3736 omnino
382 3686 481 3739 afflicta
501 3696 550 3752 est,
568 3691 620 3739 iam
640 3699 719 3741 antea
738 3689 861 3740 confecta
885 3698 915 3740 nt
939 3692 1060 3742 diximus.
1099 3690 1244 3757 participes
1269 3701 1354 3743 autern

251 3757 366 3821 periculi
386 3768 461 3810 erant
480 3760 558 3811 etiam
579 3754 709 3830 quotqubt
727 3761 789 3812 buic
810 3762 982 3826 adiacebant,
1006 3763 1198 3829 Mesopotamia
1226 3770 1255 3813 et
1273 3762 1353 3816 Chal.

251 3825 334 3889 daea,
360 3828 487 3880 Melitene
507 3838 533 3881 et
553 3830 689 3896 Colonen,
724 3840 750 3883 et
769 3848 837 3899 quae
856 3833 985 3899 Euphrati
1003 3832 1087 3884 iluvio
1110 3834 1253 3885 coniuncta
1271 3843 1352 3884 erant.

252 3903 332 3963 atque
359 3899 425 3965 nisi,
439 3903 599 3955 exercitibus
624 3919 824 3973 nonnunquam,
852 3907 936 3973 magis
965 3913 1053 3955 autem
1072 3906 1140 3956 iama
1159 3906 1258 3956 virium
1276 3921 1353 3956 arce.

253 3975 345 4017 rentur
369 3967 474 4021 barbari
505 3976 532 4023 et
554 3975 607 4027 dux
631 3974 728 4042 aliquis
755 3975 848 4026 borum
869 3976 1054 4030 Chorosalaris
1073 3980 1113 4029 sic
1131 3977 1217 4027 dictus
1237 3985 1265 4027 et
1287 3976 1353 4027 alius

252 4037 400 4091 Zamucbes
428 4046 567 4110 congressi
592 4046 662 4098 bona
688 4046 795 4098 fortuna
822 4047 978 4099 inferiorem
1007 4058 1108 4115 partem
1137 4049 1224 4100 sortiti
1255 4056 1352 4117 essent,

251 4108 375 4177 proiecto
405 4114 482 4163 etiam
507 4130 592 4184 usque
618 4118 650 4168 ad
675 4118 804 4171 Galatiam
831 4128 857 4170 et
875 4120 1034 4171 Ouariadem
1059 4130 1086 4171 et
1110 4121 1193 4185 ipsam
1212 4118 1353 4188 Phrygiam

251 4180 344 4241 metes
362 4185 548 4239 accurrissent.
587 4196 667 4259 atque
687 4191 758 4258 quod
774 4192 937 4243 necessitate
956 4200 1069 4259 urgente
1080 4192 1259 4245 instrueretur
1272 4207 1351 4245 exer-
