<?xml version="1.0" encoding="UTF-8"?>
<!DOCTYPE html PUBLIC "-//W3C//DTD XHTML 1.0 Transitional//EN"
    "http://www.w3.org/TR/xhtml1/DTD/xhtml1-transitional.dtd">
<html xmlns="http://www.w3.org/1999/xhtml" xml:lang="en" lang="en">
 <head>
  <title>
</title>
<meta http-equiv="Content-Type" content="text/html;charset=utf-8" />
  <meta name='ocr-system' content='tesseract 3.04.00' />
  <meta name='ocr-capabilities' content='ocr_page ocr_carea ocr_par ocr_line ocrx_word'/>
</head>
<body>
  <div class='ocr_page' id='page_1' title='image "./corpusscriptoru24theogoog/corpusscriptoru24theogoog_0185.png"; bbox 0 0 2834 4750; ppageno 0'>
   <div class='ocr_carea' id='block_1_1' title="bbox 536 215 1374 324">
    <p class='ocr_par' dir='ltr' id='par_1_1' title="bbox 536 215 1374 324">
     <span class='ocr_line' id='line_1_1' title="bbox 536 215 1374 324; baseline -0.005 -5"><span class='ocrx_word' id='word_1_1' title='bbox 536 251 745 321; x_wconf 80' lang='lat' dir='ltr'><strong>umronm.</strong></span> <span class='ocrx_word' id='word_1_2' title='bbox 1046 215 1053 228; x_wconf 71' lang='grc'><em>’</em></span> <span class='ocrx_word' id='word_1_3' title='bbox 1123 243 1215 324; x_wconf 78' lang='lat' dir='ltr'><strong>rtu—</strong></span> <span class='ocrx_word' id='word_1_4' title='bbox 1300 256 1304 262; x_wconf 87' lang='lat'>·</span> <span class='ocrx_word' id='word_1_5' title='bbox 1366 303 1374 315; x_wconf 84' lang='lat'><strong>.</strong></span> 
     </span>
    </p>
   </div>
   <div class='ocr_carea' id='block_1_2' title="bbox 77 417 1195 720">
    <p class='ocr_par' dir='ltr' id='par_1_2' title="bbox 77 417 1195 720">
     <span class='ocr_line' id='line_1_2' title="bbox 77 417 1194 507; baseline -0.002 -19"><span class='ocrx_word' id='word_1_6' title='bbox 77 419 225 488; x_wconf 78' lang='grc' dir='ltr'><strong><em>κατόπιν</em></strong></span> <span class='ocrx_word' id='word_1_7' title='bbox 250 417 393 484; x_wconf 74' lang='grc' dir='ltr'><strong><em>ἐλαύνων</em></strong></span> <span class='ocrx_word' id='word_1_8' title='bbox 421 419 460 483; x_wconf 82' lang='grc' dir='ltr'><strong><em>οδ</em></strong></span> <span class='ocrx_word' id='word_1_9' title='bbox 479 423 633 503; x_wconf 74' lang='grc' dir='ltr'><strong><em>προέθετο</em></strong></span> <span class='ocrx_word' id='word_1_10' title='bbox 655 428 813 504; x_wconf 80' lang='grc' dir='ltr'><strong><em>συμμῖξαι</em></strong></span> <span class='ocrx_word' id='word_1_11' title='bbox 841 431 904 502; x_wconf 80' lang='grc' dir='ltr'><strong><em>τοῖς</em></strong></span> <span class='ocrx_word' id='word_1_12' title='bbox 924 430 1194 507; x_wconf 85' lang='grc' dir='ltr'><strong><em>προαποσταλεῖσι</em></strong></span> 
     </span>
     <span class='ocr_line' id='line_1_3' title="bbox 82 521 1195 611; baseline 0.002 -27"><span class='ocrx_word' id='word_1_13' title='bbox 82 524 150 586; x_wconf 73' lang='grc' dir='ltr'><strong><em>κατ’</em></strong></span> <span class='ocrx_word' id='word_1_14' title='bbox 172 523 215 606; x_wconf 74' lang='grc' dir='ltr'><strong><em>τῷ</em></strong></span> <span class='ocrx_word' id='word_1_15' title='bbox 237 521 343 584; x_wconf 81' lang='grc' dir='ltr'><strong><em>Χλεάτ</em></strong></span> <span class='ocrx_word' id='word_1_16' title='bbox 364 525 573 604; x_wconf 78' lang='grc' dir='ltr'><strong><em>προσβαλεῖν·</em></strong></span> <span class='ocrx_word' id='word_1_17' title='bbox 623 523 690 587; x_wconf 71' lang='grc' dir='ltr'><strong><em>ἀλλ’</em></strong></span> <span class='ocrx_word' id='word_1_18' title='bbox 714 525 842 610; x_wconf 83' lang='grc' dir='ltr'><strong><em>ε’πεέπερ</em></strong></span> <span class='ocrx_word' id='word_1_19' title='bbox 866 524 953 611; x_wconf 84' lang='grc' dir='ltr'><strong><em>ἔφθη</em></strong></span> <span class='ocrx_word' id='word_1_20' title='bbox 975 526 1054 590; x_wconf 78' lang='grc' dir='ltr'><strong><em>κατὰ</em></strong></span> <span class='ocrx_word' id='word_1_21' title='bbox 1076 522 1110 590; x_wconf 86' lang='grc' dir='ltr'><strong><em>τδ</em></strong></span> <span class='ocrx_word' id='word_1_22' title='bbox 1131 551 1195 590; x_wconf 90' lang='grc' dir='ltr'><strong><em>πα.</em></strong></span> 
     </span>
     <span class='ocr_line' id='line_1_4' title="bbox 79 615 1194 720; baseline 0.005 -35"><span class='ocrx_word' id='word_1_23' title='bbox 79 618 211 712; x_wconf 80' lang='grc' dir='ltr'><strong><em>ρελθδν</em></strong></span> <span class='ocrx_word' id='word_1_24' title='bbox 232 616 299 695; x_wconf 76' lang='grc' dir='ltr'><strong><em>ἔτος</em></strong></span> <span class='ocrx_word' id='word_1_25' title='bbox 320 615 544 703; x_wconf 76' lang='grc' dir='ltr'><strong><em>χειρώσασθαι</em></strong></span> <span class='ocrx_word' id='word_1_26' title='bbox 563 621 747 720; x_wconf 79' lang='grc' dir='ltr'><strong><em>Ῥωμαϊκήν</em></strong></span> <span class='ocrx_word' id='word_1_27' title='bbox 769 625 859 690; x_wconf 89' lang='grc' dir='ltr'><strong><em>πόλιν</em></strong></span> <span class='ocrx_word' id='word_1_28' title='bbox 882 629 1081 710; x_wconf 79' lang='grc' dir='ltr'><strong><em>Μανζικέερτ</em></strong></span> <span class='ocrx_word' id='word_1_29' title='bbox 1102 632 1194 710; x_wconf 89' lang='grc' dir='ltr'><strong><em>λεγο-</em></strong></span> 
     </span>
    </p>
   </div>
   <div class='ocr_carea' id='block_1_3' title="bbox 79 719 1332 818">
    <p class='ocr_par' dir='ltr' id='par_1_3' title="bbox 79 719 1332 818">
     <span class='ocr_line' id='line_1_5' title="bbox 79 719 1332 818; baseline 0.004 -33"><span class='ocrx_word' id='word_1_30' title='bbox 79 725 188 806; x_wconf 83' lang='grc' dir='ltr'><strong><em>μένην</em></strong></span> <span class='ocrx_word' id='word_1_31' title='bbox 225 719 240 784; x_wconf 83' lang='grc' dir='ltr'>ὅ</span> <span class='ocrx_word' id='word_1_32' title='bbox 272 724 335 785; x_wconf 77' lang='grc' dir='ltr'><strong><em>τῶν</em></strong></span> <span class='ocrx_word' id='word_1_33' title='bbox 367 724 506 818; x_wconf 73' lang='grc' dir='ltr'><strong><em>Περσῶν</em></strong></span> <span class='ocrx_word' id='word_1_34' title='bbox 539 721 679 808; x_wconf 85' lang='grc' dir='ltr'><strong><em>α’ρχηγός</em></strong></span> <span class='ocrx_word' id='word_1_35' title='bbox 712 721 902 808; x_wconf 77' lang='grc' dir='ltr'><strong><em>(σουλτοίνον</em></strong></span> <span class='ocrx_word' id='word_1_36' title='bbox 932 719 998 789; x_wconf 86' lang='grc' dir='ltr'><strong><em>οἶδε</em></strong></span> <span class='ocrx_word' id='word_1_37' title='bbox 1031 729 1143 791; x_wconf 78' lang='grc' dir='ltr'><strong><em>τοῦτον</em></strong></span> <span class='ocrx_word' id='word_1_38' title='bbox 1174 723 1194 809; x_wconf 82' lang='grc' dir='ltr'><em>ἧ</em></span> <span class='ocrx_word' id='word_1_39' title='bbox 1250 772 1254 778; x_wconf 85' lang='lat'>·</span> <span class='ocrx_word' id='word_1_40' title='bbox 1314 772 1332 780; x_wconf 76' lang='lat'><strong><em>··</em></strong></span> 
     </span>
    </p>
   </div>
   <div class='ocr_carea' id='block_1_4' title="bbox 19 819 1292 1918">
    <p class='ocr_par' dir='ltr' id='par_1_4' title="bbox 39 819 1196 1316">
     <span class='ocr_line' id='line_1_6' title="bbox 39 819 1194 910; baseline 0.008 -28"><span class='ocrx_word' id='word_1_41' title='bbox 39 831 66 882; x_wconf 93' lang='lat'>5</span> <span class='ocrx_word' id='word_1_42' title='bbox 80 820 219 887; x_wconf 76' lang='grc' dir='ltr'><strong><em>ἐκείνων</em></strong></span> <span class='ocrx_word' id='word_1_43' title='bbox 241 825 347 885; x_wconf 83' lang='grc' dir='ltr'><strong><em>καλεῖν</em></strong></span> <span class='ocrx_word' id='word_1_44' title='bbox 370 819 502 908; x_wconf 81' lang='grc' dir='ltr'><strong><em>φωνή),</em></strong></span> <span class='ocrx_word' id='word_1_45' title='bbox 527 821 582 886; x_wconf 72' lang='grc' dir='ltr'><strong><em>κατ’</em></strong></span> <span class='ocrx_word' id='word_1_46' title='bbox 602 823 747 907; x_wconf 73' lang='grc' dir='ltr'><strong><em>φύλακας</em></strong></span> <span class='ocrx_word' id='word_1_47' title='bbox 777 827 1011 909; x_wconf 74' lang='grc' dir='ltr'><strong><em>ἐγκαταστῆσαι</em></strong></span> <span class='ocrx_word' id='word_1_48' title='bbox 1036 821 1194 910; x_wconf 80' lang='grc' dir='ltr'><strong><em>Τοδρκοος</em></strong></span> 
     </span>
     <span class='ocr_line' id='line_1_7' title="bbox 81 911 1193 1008; baseline 0.002 -22"><span class='ocrx_word' id='word_1_49' title='bbox 81 921 224 997; x_wconf 76' lang='grc' dir='ltr'><strong><em>ἶκανοδς</em></strong></span> <span class='ocrx_word' id='word_1_50' title='bbox 244 919 324 1002; x_wconf 76' lang='grc' dir='ltr'><strong><em>μετὰ</em></strong></span> <span class='ocrx_word' id='word_1_51' title='bbox 347 923 403 984; x_wconf 79' lang='grc' dir='ltr'><strong><em>καί</em></strong></span> <span class='ocrx_word' id='word_1_52' title='bbox 422 925 620 1004; x_wconf 72' lang='grc' dir='ltr'><strong><em>Διλιμιτυῖν,</em></strong></span> <span class='ocrx_word' id='word_1_53' title='bbox 639 911 752 1008; x_wconf 79' lang='grc' dir='ltr'><strong><em>διέγνω</em></strong></span> <span class='ocrx_word' id='word_1_54' title='bbox 771 917 880 991; x_wconf 87' lang='grc' dir='ltr'><strong><em>λοιπόν</em></strong></span> <span class='ocrx_word' id='word_1_55' title='bbox 903 925 920 989; x_wconf 84' lang='grc' dir='ltr'><strong><em>δ</em></strong></span> <span class='ocrx_word' id='word_1_56' title='bbox 940 923 1091 1007; x_wconf 83' lang='grc' dir='ltr'><strong><em>βασιλεδς</em></strong></span> <span class='ocrx_word' id='word_1_57' title='bbox 1113 924 1193 1005; x_wconf 82' lang='grc' dir='ltr'><strong><em>πρέ-</em></strong></span> 
     </span>
     <span class='ocr_line' id='line_1_8' title="bbox 80 1015 1196 1111; baseline 0.001 -23"><span class='ocrx_word' id='word_1_58' title='bbox 80 1044 183 1106; x_wconf 87' lang='grc' dir='ltr'><strong><em>τερον</em></strong></span> <span class='ocrx_word' id='word_1_59' title='bbox 204 1024 249 1097; x_wconf 84' lang='grc' dir='ltr'><strong><em>εἷς</em></strong></span> <span class='ocrx_word' id='word_1_60' title='bbox 278 1021 311 1088; x_wconf 90' lang='grc' dir='ltr'>τὸ</span> <span class='ocrx_word' id='word_1_61' title='bbox 345 1015 535 1089; x_wconf 70' lang='grc' dir='ltr'><strong><em>ἔστιντοῦτο</em></strong></span> <span class='ocrx_word' id='word_1_62' title='bbox 567 1029 766 1109; x_wconf 82' lang='grc' dir='ltr'><strong><em>παραβαλεῖν</em></strong></span> <span class='ocrx_word' id='word_1_63' title='bbox 795 1029 848 1090; x_wconf 82' lang='grc' dir='ltr'><strong><em>κατ’</em></strong></span> <span class='ocrx_word' id='word_1_64' title='bbox 870 1026 1118 1111; x_wconf 70' lang='grc' dir='ltr'><strong><em>οἶνορριλσασθαι</em></strong></span> <span class='ocrx_word' id='word_1_65' title='bbox 1141 1026 1196 1090; x_wconf 84' lang='grc' dir='ltr'><strong><em>καί</em></strong></span> 
     </span>
     <span class='ocr_line' id='line_1_9' title="bbox 80 1108 1195 1213; baseline -0.004 -21"><span class='ocrx_word' id='word_1_66' title='bbox 80 1128 126 1213; x_wconf 78' lang='grc' dir='ltr'><strong><em>τῇ</em></strong></span> <span class='ocrx_word' id='word_1_67' title='bbox 146 1127 314 1204; x_wconf 74' lang='grc' dir='ltr'><strong><em>Ῥωμαίων</em></strong></span> <span class='ocrx_word' id='word_1_68' title='bbox 341 1125 616 1209; x_wconf 73' lang='grc' dir='ltr'><strong><em>ἀποκαταστῆσαι,</em></strong></span> <span class='ocrx_word' id='word_1_69' title='bbox 640 1129 695 1190; x_wconf 80' lang='grc' dir='ltr'><strong><em>κατ’</em></strong></span> <span class='ocrx_word' id='word_1_70' title='bbox 717 1123 801 1191; x_wconf 78' lang='grc' dir='ltr'><strong><em>οδτω</em></strong></span> <span class='ocrx_word' id='word_1_71' title='bbox 829 1135 896 1201; x_wconf 87' lang='grc' dir='ltr'><strong><em>τοῖς</em></strong></span> <span class='ocrx_word' id='word_1_72' title='bbox 919 1129 1095 1209; x_wconf 77' lang='grc' dir='ltr'><strong><em>α’λλοτρίοις</em></strong></span> <span class='ocrx_word' id='word_1_73' title='bbox 1114 1108 1195 1208; x_wconf 52' lang='grc' dir='ltr'><strong><em>π’ρο·</em></strong></span> 
     </span>
     <span class='ocr_line' id='line_1_10' title="bbox 83 1209 1195 1316; baseline -0.002 -25"><span class='ocrx_word' id='word_1_74' title='bbox 83 1228 282 1309; x_wconf 85' lang='grc' dir='ltr'><strong><em>σεπιβαλεῖν,</em></strong></span> <span class='ocrx_word' id='word_1_75' title='bbox 305 1215 372 1306; x_wconf 82' lang='grc' dir='ltr'><strong><em>ήτοι</em></strong></span> <span class='ocrx_word' id='word_1_76' title='bbox 393 1225 435 1310; x_wconf 76' lang='grc' dir='ltr'><strong><em>τῷ</em></strong></span> <span class='ocrx_word' id='word_1_77' title='bbox 445 1222 558 1304; x_wconf 88' lang='grc' dir='ltr'><strong><em>Χλιάτ,</em></strong></span> <span class='ocrx_word' id='word_1_78' title='bbox 577 1222 620 1309; x_wconf 87' lang='grc' dir='ltr'><strong><em>μή</em></strong></span> <span class='ocrx_word' id='word_1_79' title='bbox 645 1222 679 1288; x_wconf 78' lang='grc' dir='ltr'><strong><em>ἐκ</em></strong></span> <span class='ocrx_word' id='word_1_80' title='bbox 700 1227 820 1289; x_wconf 76' lang='grc' dir='ltr'><strong><em>πολλοῦ</em></strong></span> <span class='ocrx_word' id='word_1_81' title='bbox 838 1228 1031 1314; x_wconf 78' lang='grc' dir='ltr'><strong><em>συγκειμένῳ</em></strong></span> <span class='ocrx_word' id='word_1_82' title='bbox 1055 1227 1098 1313; x_wconf 75' lang='grc' dir='ltr'><strong><em>τῷ</em></strong></span> <span class='ocrx_word' id='word_1_83' title='bbox 1114 1209 1195 1316; x_wconf 39' lang='grc' dir='ltr'><strong><em>Ιδιαζ</em></strong></span> 
     </span>
    </p>

    <p class='ocr_par' dir='ltr' id='par_1_5' title="bbox 19 1317 1292 1918">
     <span class='ocr_line' id='line_1_11' title="bbox 19 1317 1292 1415; baseline -0.002 -23"><span class='ocrx_word' id='word_1_84' title='bbox 19 1341 70 1394; x_wconf 84' lang='grc' dir='ltr'><strong><em>1θ</em></strong></span> <span class='ocrx_word' id='word_1_85' title='bbox 82 1322 240 1408; x_wconf 90' lang='grc' dir='ltr'><strong><em>στήματι.</em></strong></span> <span class='ocrx_word' id='word_1_86' title='bbox 285 1319 530 1408; x_wconf 79' lang='grc' dir='ltr'><strong><em>καταφρονήσας</em></strong></span> <span class='ocrx_word' id='word_1_87' title='bbox 553 1317 610 1389; x_wconf 73' lang='grc' dir='ltr'><strong><em>οὖν</em></strong></span> <span class='ocrx_word' id='word_1_88' title='bbox 631 1326 692 1390; x_wconf 76' lang='grc' dir='ltr'><strong><em>τοῖν</em></strong></span> <span class='ocrx_word' id='word_1_89' title='bbox 723 1321 1073 1410; x_wconf 80' lang='grc' dir='ltr'><strong><em>καοτροφυλακοδντων</em></strong></span> <span class='ocrx_word' id='word_1_90' title='bbox 1096 1329 1131 1390; x_wconf 83' lang='grc' dir='ltr'><strong><em>έν</em></strong></span> <span class='ocrx_word' id='word_1_91' title='bbox 1150 1330 1194 1415; x_wconf 72' lang='grc' dir='ltr'><strong><em>τῷ</em></strong></span> <span class='ocrx_word' id='word_1_92' title='bbox 1288 1340 1292 1343; x_wconf 85' lang='grc'><em>“</em></span> 
     </span>
     <span class='ocr_line' id='line_1_12' title="bbox 86 1421 1280 1514; baseline -0.003 -22"><span class='ocrx_word' id='word_1_93' title='bbox 86 1428 309 1508; x_wconf 79' lang='grc' dir='ltr'><strong><em>Μαντζικέερτ</em></strong></span> <span class='ocrx_word' id='word_1_94' title='bbox 331 1427 488 1506; x_wconf 69' lang='grc' dir='ltr'><strong><em>πολεμίων</em></strong></span> <span class='ocrx_word' id='word_1_95' title='bbox 508 1425 551 1503; x_wconf 75' lang='grc' dir='ltr'><strong><em>ὥς</em></strong></span> <span class='ocrx_word' id='word_1_96' title='bbox 573 1421 635 1508; x_wconf 78' lang='grc' dir='ltr'><strong><em>αι’ῖχ</em></strong></span> <span class='ocrx_word' id='word_1_97' title='bbox 655 1424 773 1490; x_wconf 79' lang='grc' dir='ltr'><strong><em>ἱκανῶν</em></strong></span> <span class='ocrx_word' id='word_1_98' title='bbox 795 1426 972 1511; x_wconf 71' lang='grc' dir='ltr'><strong><em>ὑποστῆναι</em></strong></span> <span class='ocrx_word' id='word_1_99' title='bbox 994 1424 1051 1509; x_wconf 87' lang='grc' dir='ltr'><strong><em>τήν</em></strong></span> <span class='ocrx_word' id='word_1_100' title='bbox 1074 1425 1190 1490; x_wconf 77' lang='grc' dir='ltr'><strong><em>τούτου</em></strong></span> <span class='ocrx_word' id='word_1_101' title='bbox 1253 1455 1280 1514; x_wconf 47' lang='lat' dir='ltr'><strong>g</strong></span> 
     </span>
     <span class='ocr_line' id='line_1_13' title="bbox 84 1520 1192 1612; baseline -0.001 -20"><span class='ocrx_word' id='word_1_102' title='bbox 84 1525 219 1612; x_wconf 75' lang='grc' dir='ltr'><strong><em>ἔφοδον,</em></strong></span> <span class='ocrx_word' id='word_1_103' title='bbox 243 1525 298 1590; x_wconf 72' lang='grc' dir='ltr'><strong><em>κατ’</em></strong></span> <span class='ocrx_word' id='word_1_104' title='bbox 319 1520 428 1608; x_wconf 74' lang='grc' dir='ltr'><strong><em>ἑτέραν</em></strong></span> <span class='ocrx_word' id='word_1_105' title='bbox 450 1534 567 1610; x_wconf 86' lang='grc' dir='ltr'><strong><em>μοῖραν</em></strong></span> <span class='ocrx_word' id='word_1_106' title='bbox 589 1521 821 1608; x_wconf 82' lang='grc' dir='ltr'><strong><em>ἇποτεμόμενος</em></strong></span> <span class='ocrx_word' id='word_1_107' title='bbox 843 1531 990 1611; x_wconf 82' lang='grc' dir='ltr'><strong><em>πλείστην</em></strong></span> <span class='ocrx_word' id='word_1_108' title='bbox 1012 1529 1070 1590; x_wconf 75' lang='grc' dir='ltr'><strong><em>τοῦ</em></strong></span> <span class='ocrx_word' id='word_1_109' title='bbox 1091 1551 1192 1611; x_wconf 89' lang='grc' dir='ltr'><strong><em>στρα-</em></strong></span> 
     </span>
     <span class='ocr_line' id='line_1_14' title="bbox 83 1623 1254 1712; baseline -0.004 -18"><span class='ocrx_word' id='word_1_110' title='bbox 83 1629 165 1709; x_wconf 62' lang='grc' dir='ltr'><strong><em>τοῦ,</em></strong></span> <span class='ocrx_word' id='word_1_111' title='bbox 195 1623 243 1692; x_wconf 72' lang='grc' dir='ltr'><strong><em>ἔνι’</em></strong></span> <span class='ocrx_word' id='word_1_112' title='bbox 274 1629 337 1692; x_wconf 74' lang='grc' dir='ltr'><strong><em>ταῖν</em></strong></span> <span class='ocrx_word' id='word_1_113' title='bbox 372 1624 536 1710; x_wconf 78' lang='grc' dir='ltr'><strong><em>ἐπισήμων</em></strong></span> <span class='ocrx_word' id='word_1_114' title='bbox 563 1629 734 1711; x_wconf 69' lang='grc' dir='ltr'><strong><em>ἐγχειρίζει</em></strong></span> <span class='ocrx_word' id='word_1_115' title='bbox 761 1625 819 1711; x_wconf 88' lang='grc' dir='ltr'><strong><em>τήν</em></strong></span> <span class='ocrx_word' id='word_1_116' title='bbox 852 1632 1046 1712; x_wconf 81' lang='grc' dir='ltr'><strong><em>στρατηγέαν</em></strong></span> <span class='ocrx_word' id='word_1_117' title='bbox 1078 1629 1190 1706; x_wconf 69' lang='lat' dir='ltr'><strong>attat,</strong></span> <span class='ocrx_word' id='word_1_118' title='bbox 1249 1668 1254 1672; x_wconf 94' lang='lat'><em>-</em></span> 
     </span>
     <span class='ocr_line' id='line_1_15' title="bbox 79 1725 1192 1818; baseline 0.001 -27"><span class='ocrx_word' id='word_1_119' title='bbox 79 1725 204 1813; x_wconf 82' lang='grc' dir='ltr'><strong><em>Ἰωσήφ</em></strong></span> <span class='ocrx_word' id='word_1_120' title='bbox 226 1726 390 1816; x_wconf 80' lang='grc' dir='ltr'><strong><em>μαγῖοτριρ</em></strong></span> <span class='ocrx_word' id='word_1_121' title='bbox 411 1729 453 1818; x_wconf 72' lang='grc' dir='ltr'><strong><em>τῷ</em></strong></span> <span class='ocrx_word' id='word_1_122' title='bbox 474 1727 692 1816; x_wconf 81' lang='grc' dir='ltr'><strong><em>Τραχανιοέτη,</em></strong></span> <span class='ocrx_word' id='word_1_123' title='bbox 716 1727 928 1813; x_wconf 80' lang='grc' dir='ltr'><strong><em>προσεπιδοδς</em></strong></span> <span class='ocrx_word' id='word_1_124' title='bbox 945 1729 1031 1818; x_wconf 64' lang='lat' dir='ltr'><strong>arisai</strong></span> <span class='ocrx_word' id='word_1_125' title='bbox 1049 1730 1105 1792; x_wconf 77' lang='grc' dir='ltr'><strong><em>κατ’</em></strong></span> <span class='ocrx_word' id='word_1_126' title='bbox 1122 1736 1192 1793; x_wconf 80' lang='grc' dir='ltr'><strong><em>στῖ-</em></strong></span> 
     </span>
     <span class='ocr_line' id='line_1_16' title="bbox 25 1823 1191 1918; baseline 0 -26"><span class='ocrx_word' id='word_1_127' title='bbox 25 1845 70 1898; x_wconf 82' lang='grc'><strong><em>15</em></strong></span> <span class='ocrx_word' id='word_1_128' title='bbox 84 1851 148 1916; x_wconf 83' lang='grc' dir='ltr'><strong><em>φος</em></strong></span> <span class='ocrx_word' id='word_1_129' title='bbox 169 1831 272 1907; x_wconf 76' lang='grc' dir='ltr'><strong><em>πεζῶν</em></strong></span> <span class='ocrx_word' id='word_1_130' title='bbox 293 1828 351 1891; x_wconf 72' lang='grc' dir='ltr'><strong><em>οὔκ</em></strong></span> <span class='ocrx_word' id='word_1_131' title='bbox 373 1828 660 1913; x_wconf 80' lang='grc' dir='ltr'><strong><em>εδκαταφρόνητον.</em></strong></span> <span class='ocrx_word' id='word_1_132' title='bbox 693 1823 732 1913; x_wconf 78' lang='grc' dir='ltr'><strong><em>ἦν</em></strong></span> <span class='ocrx_word' id='word_1_133' title='bbox 754 1832 789 1894; x_wconf 81' lang='grc' dir='ltr'><strong><em>δὲ</em></strong></span> <span class='ocrx_word' id='word_1_134' title='bbox 808 1828 841 1894; x_wconf 65' lang='lat' dir='ltr'><strong><em>ro*</em></strong></span> <span class='ocrx_word' id='word_1_135' title='bbox 864 1831 1066 1913; x_wconf 77' lang='grc' dir='ltr'><strong><em>ἑγχειρισθὲν</em></strong></span> <span class='ocrx_word' id='word_1_136' title='bbox 1085 1825 1191 1918; x_wconf 74' lang='grc' dir='ltr'><strong><em>ἐκείνῳ</em></strong></span> 
     </span>
    </p>
   </div>
   <div class='ocr_carea' id='block_1_5' title="bbox 83 1927 1292 2013">
    <p class='ocr_par' dir='ltr' id='par_1_6' title="bbox 83 1927 1292 2013">
     <span class='ocr_line' id='line_1_17' title="bbox 83 1927 1292 2013; baseline -0.002 -19"><span class='ocrx_word' id='word_1_137' title='bbox 83 1927 314 2013; x_wconf 83' lang='grc' dir='ltr'><strong><em>στρατιωτικὸν</em></strong></span> <span class='ocrx_word' id='word_1_138' title='bbox 343 1928 378 1993; x_wconf 86' lang='grc' dir='ltr'><strong><em>τὸ</em></strong></span> <span class='ocrx_word' id='word_1_139' title='bbox 410 1927 548 2011; x_wconf 78' lang='grc' dir='ltr'><strong><em>ἔκκριτὸν</em></strong></span> <span class='ocrx_word' id='word_1_140' title='bbox 581 1953 612 1992; x_wconf 90' lang='grc' dir='ltr'><strong><em>τε</em></strong></span> <span class='ocrx_word' id='word_1_141' title='bbox 647 1933 701 1996; x_wconf 77' lang='grc' dir='ltr'><strong><em>κατ’</em></strong></span> <span class='ocrx_word' id='word_1_142' title='bbox 732 1927 999 2013; x_wconf 78' lang='grc' dir='ltr'><strong><em>δυσμαχώτατον,</em></strong></span> <span class='ocrx_word' id='word_1_143' title='bbox 1031 1929 1090 1991; x_wconf 79' lang='grc' dir='ltr'><strong><em>κεῖν</em></strong></span> <span class='ocrx_word' id='word_1_144' title='bbox 1121 1936 1191 2003; x_wconf 83' lang='grc' dir='ltr'><strong><em>ταῖς</em></strong></span> <span class='ocrx_word' id='word_1_145' title='bbox 1288 1937 1292 1956; x_wconf 85' lang='grc'>·</span> 
     </span>
    </p>
   </div>
   <div class='ocr_carea' id='block_1_6' title="bbox 31 2021 1286 2751">
    <p class='ocr_par' dir='ltr' id='par_1_7' title="bbox 31 2021 1286 2751">
     <span class='ocr_line' id='line_1_18' title="bbox 83 2021 1190 2115; baseline -0.006 -21"><span class='ocrx_word' id='word_1_146' title='bbox 83 2036 285 2110; x_wconf 79' lang='grc' dir='ltr'><strong><em>συμπλοκαῖς</em></strong></span> <span class='ocrx_word' id='word_1_147' title='bbox 307 2032 363 2093; x_wconf 78' lang='grc' dir='ltr'><strong><em>κατ’</em></strong></span> <span class='ocrx_word' id='word_1_148' title='bbox 384 2021 576 2107; x_wconf 68' lang='grc' dir='ltr'><strong><em>τοῖςδλλοις</em></strong></span> <span class='ocrx_word' id='word_1_149' title='bbox 598 2033 746 2111; x_wconf 85' lang='grc' dir='ltr'><strong><em>πολέμοις</em></strong></span> <span class='ocrx_word' id='word_1_150' title='bbox 769 2030 1015 2115; x_wconf 78' lang='grc' dir='ltr'><strong><em>προκινδυνειῖον</em></strong></span> <span class='ocrx_word' id='word_1_151' title='bbox 1037 2030 1093 2090; x_wconf 82' lang='grc' dir='ltr'><strong><em>καί</em></strong></span> <span class='ocrx_word' id='word_1_152' title='bbox 1113 2049 1190 2112; x_wconf 93' lang='grc' dir='ltr'><strong><em>προ.</em></strong></span> 
     </span>
     <span class='ocr_line' id='line_1_19' title="bbox 82 2115 1192 2215; baseline 0.001 -23"><span class='ocrx_word' id='word_1_153' title='bbox 82 2115 284 2212; x_wconf 81' lang='grc' dir='ltr'><strong><em>μαχόμενον,</em></strong></span> <span class='ocrx_word' id='word_1_154' title='bbox 306 2129 360 2193; x_wconf 79' lang='grc' dir='ltr'><strong><em>κατ’</em></strong></span> <span class='ocrx_word' id='word_1_155' title='bbox 391 2130 436 2205; x_wconf 84' lang='grc' dir='ltr'><strong><em>εἰς</em></strong></span> <span class='ocrx_word' id='word_1_156' title='bbox 456 2134 577 2214; x_wconf 72' lang='grc' dir='ltr'><strong><em>πλῆθος</em></strong></span> <span class='ocrx_word' id='word_1_157' title='bbox 601 2129 680 2194; x_wconf 81' lang='grc' dir='ltr'><strong><em>πολδ</em></strong></span> <span class='ocrx_word' id='word_1_158' title='bbox 703 2133 840 2215; x_wconf 86' lang='grc' dir='ltr'><strong><em>προέχον</em></strong></span> <span class='ocrx_word' id='word_1_159' title='bbox 867 2131 929 2194; x_wconf 72' lang='grc' dir='ltr'><strong><em>ταῖν</em></strong></span> <span class='ocrx_word' id='word_1_160' title='bbox 949 2128 1192 2214; x_wconf 77' lang='grc' dir='ltr'><strong><em>ὖποκρατηθέν-</em></strong></span> 
     </span>
     <span class='ocr_line' id='line_1_20' title="bbox 83 2227 1191 2316; baseline -0.001 -22"><span class='ocrx_word' id='word_1_161' title='bbox 83 2253 151 2297; x_wconf 87' lang='grc' dir='ltr'><strong><em>τοον</em></strong></span> <span class='ocrx_word' id='word_1_162' title='bbox 171 2231 215 2316; x_wconf 75' lang='grc' dir='ltr'><strong><em>τῷ</em></strong></span> <span class='ocrx_word' id='word_1_163' title='bbox 232 2234 367 2311; x_wconf 87' lang='grc' dir='ltr'><strong><em>βασιλεῖ.</em></strong></span> <span class='ocrx_word' id='word_1_164' title='bbox 421 2227 476 2294; x_wconf 75' lang='grc' dir='ltr'><strong><em>καὶ</em></strong></span> <span class='ocrx_word' id='word_1_165' title='bbox 505 2229 566 2315; x_wconf 79' lang='grc' dir='ltr'><strong><em>γὰρ</em></strong></span> <span class='ocrx_word' id='word_1_166' title='bbox 596 2233 630 2295; x_wconf 83' lang='grc' dir='ltr'><strong><em>έν</em></strong></span> <span class='ocrx_word' id='word_1_167' title='bbox 660 2238 730 2306; x_wconf 83' lang='grc' dir='ltr'><strong><em>ταῖς</em></strong></span> <span class='ocrx_word' id='word_1_168' title='bbox 764 2230 1038 2315; x_wconf 78' lang='grc' dir='ltr'><strong><em>προηγησαμένοις</em></strong></span> <span class='ocrx_word' id='word_1_169' title='bbox 1069 2227 1191 2311; x_wconf 78' lang='grc' dir='ltr'><strong><em>μάχαις</em></strong></span> 
     </span>
     <span class='ocr_line' id='line_1_21' title="bbox 31 2328 1286 2417; baseline -0.003 -18"><span class='ocrx_word' id='word_1_170' title='bbox 31 2330 125 2399; x_wconf 68' lang='lat'>20⁰1}</span> <span class='ocrx_word' id='word_1_171' title='bbox 150 2329 286 2417; x_wconf 80' lang='grc' dir='ltr'><strong><em>τοσαύτη</em></strong></span> <span class='ocrx_word' id='word_1_172' title='bbox 307 2334 455 2416; x_wconf 83' lang='grc' dir='ltr'><strong><em>περιέστη</em></strong></span> <span class='ocrx_word' id='word_1_173' title='bbox 477 2339 543 2407; x_wconf 86' lang='grc' dir='ltr'><strong><em>τοῖς</em></strong></span> <span class='ocrx_word' id='word_1_174' title='bbox 558 2331 731 2412; x_wconf 76' lang='grc' dir='ltr'><strong><em>Ῥωμαίοις</em></strong></span> <span class='ocrx_word' id='word_1_175' title='bbox 764 2328 890 2415; x_wconf 78' lang='grc' dir='ltr'><strong><em>ἀνάγκη</em></strong></span> <span class='ocrx_word' id='word_1_176' title='bbox 916 2328 1000 2412; x_wconf 82' lang='grc' dir='ltr'><strong><em>μετὰ</em></strong></span> <span class='ocrx_word' id='word_1_177' title='bbox 1016 2334 1074 2395; x_wconf 80' lang='grc' dir='ltr'><strong><em>τοῦ</em></strong></span> <span class='ocrx_word' id='word_1_178' title='bbox 1094 2334 1188 2412; x_wconf 82' lang='grc' dir='ltr'><strong><em>βασι·</em></strong></span> <span class='ocrx_word' id='word_1_179' title='bbox 1281 2348 1286 2366; x_wconf 80' lang='grc'><em>“</em></span> 
     </span>
     <span class='ocr_line' id='line_1_22' title="bbox 87 2427 1200 2515; baseline -0.003 -19"><span class='ocrx_word' id='word_1_180' title='bbox 87 2433 177 2515; x_wconf 65' lang='lat' dir='ltr'><strong>ater,</strong></span> <span class='ocrx_word' id='word_1_181' title='bbox 202 2427 281 2496; x_wconf 67' lang='grc' dir='ltr'><strong><em>ὥστε</em></strong></span> <span class='ocrx_word' id='word_1_182' title='bbox 304 2433 358 2496; x_wconf 83' lang='grc' dir='ltr'><em>καί</em></span> <span class='ocrx_word' id='word_1_183' title='bbox 379 2430 436 2515; x_wconf 89' lang='grc' dir='ltr'><strong><em>τήν</em></strong></span> <span class='ocrx_word' id='word_1_184' title='bbox 456 2431 555 2495; x_wconf 69' lang='grc' dir='ltr'><strong><em>αὐτοῦ</em></strong></span> <span class='ocrx_word' id='word_1_185' title='bbox 574 2440 701 2514; x_wconf 86' lang='grc' dir='ltr'><strong><em>μοῖραν,</em></strong></span> <span class='ocrx_word' id='word_1_186' title='bbox 723 2430 758 2495; x_wconf 85' lang='grc' dir='ltr'><strong><em>τὸ</em></strong></span> <span class='ocrx_word' id='word_1_187' title='bbox 779 2427 943 2515; x_wconf 79' lang='grc' dir='ltr'><strong><em>λεγόμενον</em></strong></span> <span class='ocrx_word' id='word_1_188' title='bbox 956 2429 1106 2514; x_wconf 75' lang='grc' dir='ltr'><strong><em>συνήθως</em></strong></span> <span class='ocrx_word' id='word_1_189' title='bbox 1128 2432 1200 2494; x_wconf 79' lang='lat' dir='ltr'><strong>‹tt--</strong></span> 
     </span>
     <span class='ocr_line' id='line_1_23' title="bbox 85 2530 1185 2614; baseline -0.005 -17"><span class='ocrx_word' id='word_1_190' title='bbox 85 2531 219 2614; x_wconf 83' lang='grc' dir='ltr'><strong><em>λα’γιον,</em></strong></span> <span class='ocrx_word' id='word_1_191' title='bbox 250 2533 508 2597; x_wconf 74' lang='grc' dir='ltr'><strong><em>διακινδυνεῦσαι</em></strong></span> <span class='ocrx_word' id='word_1_192' title='bbox 544 2535 599 2597; x_wconf 76' lang='grc' dir='ltr'><strong><em>κατ’</em></strong></span> <span class='ocrx_word' id='word_1_193' title='bbox 634 2530 770 2612; x_wconf 86' lang='grc' dir='ltr'><strong><em>πόλεμον</em></strong></span> <span class='ocrx_word' id='word_1_194' title='bbox 805 2530 1047 2614; x_wconf 74' lang='grc' dir='ltr'><strong><em>ἀγωνίσασθαι·</em></strong></span> <span class='ocrx_word' id='word_1_195' title='bbox 1104 2531 1185 2593; x_wconf 80' lang='grc' dir='ltr'><strong><em>α’λλοὶ</em></strong></span> 
     </span>
     <span class='ocr_line' id='line_1_24' title="bbox 85 2627 1218 2751; baseline -0.003 -55"><span class='ocrx_word' id='word_1_196' title='bbox 85 2628 357 2717; x_wconf 81' lang='grc' dir='ltr'><strong><em>προαρπαζόντων</em></strong></span> <span class='ocrx_word' id='word_1_197' title='bbox 382 2629 439 2715; x_wconf 89' lang='grc' dir='ltr'><strong><em>τήν</em></strong></span> <span class='ocrx_word' id='word_1_198' title='bbox 461 2636 546 2717; x_wconf 73' lang='grc' dir='ltr'><strong><em>νίκην</em></strong></span> <span class='ocrx_word' id='word_1_199' title='bbox 571 2635 631 2697; x_wconf 74' lang='grc' dir='ltr'><strong><em>τοῖν</em></strong></span> <span class='ocrx_word' id='word_1_200' title='bbox 652 2634 770 2697; x_wconf 79' lang='grc' dir='ltr'><strong><em>λοιπῶν</em></strong></span> <span class='ocrx_word' id='word_1_201' title='bbox 803 2629 914 2713; x_wconf 80' lang='grc' dir='ltr'><strong><em>έμενον</em></strong></span> <span class='ocrx_word' id='word_1_202' title='bbox 945 2627 975 2695; x_wconf 83' lang='grc' dir='ltr'><strong><em>οἱ</em></strong></span> <span class='ocrx_word' id='word_1_203' title='bbox 995 2633 1039 2718; x_wconf 72' lang='lat' dir='ltr'><strong>spi</strong></span> <span class='ocrx_word' id='word_1_204' title='bbox 1059 2634 1192 2711; x_wconf 84' lang='grc' dir='ltr'><strong><em>βασιλεῖ</em></strong></span> <span class='ocrx_word' id='word_1_205' title='bbox 1211 2714 1218 2751; x_wconf 45' lang='grc' dir='ltr'><strong><em>ι</em></strong></span> 
     </span>
    </p>
   </div>
   <div class='ocr_carea' id='block_1_7' title="bbox 158 2834 1031 2910">
    <p class='ocr_par' dir='ltr' id='par_1_8' title="bbox 158 2834 1031 2910">
     <span class='ocr_line' id='line_1_25' title="bbox 158 2834 1031 2910; baseline 0.002 -25"><span class='ocrx_word' id='word_1_206' title='bbox 158 2837 182 2885; x_wconf 90' lang='grc'><strong><em>1.</em></strong></span> <span class='ocrx_word' id='word_1_207' title='bbox 202 2837 361 2906; x_wconf 74' lang='grc' dir='ltr'><strong><em>προσέθετο</em></strong></span> <span class='ocrx_word' id='word_1_208' title='bbox 378 2834 408 2888; x_wconf 83' lang='grc' dir='ltr'><strong><em>(λ.</em></strong></span> <span class='ocrx_word' id='word_1_209' title='bbox 524 2836 567 2889; x_wconf 74' lang='lat'><strong><em>23.</em></strong></span> <span class='ocrx_word' id='word_1_210' title='bbox 588 2837 698 2891; x_wconf 80' lang='grc' dir='ltr'><strong><em>λοιπῶν</em></strong></span> <span class='ocrx_word' id='word_1_211' title='bbox 718 2836 859 2909; x_wconf 74' lang='grc' dir='ltr'><strong><em>δλλαγέοιν</em></strong></span> <span class='ocrx_word' id='word_1_212' title='bbox 880 2837 981 2910; x_wconf 72' lang='grc' dir='ltr'><strong><em>ἔμενον</em></strong></span> <span class='ocrx_word' id='word_1_213' title='bbox 1001 2835 1031 2890; x_wconf 81' lang='grc' dir='ltr'><strong><em>(λ.</em></strong></span> 
     </span>
    </p>
   </div>
   <div class='ocr_carea' id='block_1_8' title="bbox 87 3024 1254 3308">
    <p class='ocr_par' dir='ltr' id='par_1_9' title="bbox 87 3024 1254 3308">
     <span class='ocr_line' id='line_1_26' title="bbox 87 3024 1184 3094; baseline -0.006 -14"><span class='ocrx_word' id='word_1_214' title='bbox 87 3026 219 3080; x_wconf 91' lang='lat' dir='ltr'><strong>commisit</strong></span> <span class='ocrx_word' id='word_1_215' title='bbox 243 3032 272 3076; x_wconf 91' lang='lat' dir='ltr'><strong><em>ut</em></strong></span> <span class='ocrx_word' id='word_1_216' title='bbox 297 3026 505 3094; x_wconf 86' lang='lat' dir='ltr'><strong>coniungeretur</strong></span> <span class='ocrx_word' id='word_1_217' title='bbox 530 3042 588 3081; x_wconf 89' lang='lat' dir='ltr'><strong><em>cum</em></strong></span> <span class='ocrx_word' id='word_1_218' title='bbox 607 3035 686 3079; x_wconf 87' lang='lat' dir='ltr'><strong>antea</strong></span> <span class='ocrx_word' id='word_1_219' title='bbox 710 3026 797 3078; x_wconf 85' lang='lat' dir='ltr'><strong>missis</strong></span> <span class='ocrx_word' id='word_1_220' title='bbox 825 3032 851 3076; x_wconf 93' lang='lat' dir='ltr'><strong><em>et</em></strong></span> <span class='ocrx_word' id='word_1_221' title='bbox 870 3024 958 3077; x_wconf 84' lang='lat' dir='ltr'><strong>chtiat</strong></span> <span class='ocrx_word' id='word_1_222' title='bbox 976 3025 1184 3091; x_wconf 78' lang='lat' dir='ltr'><strong>aggrederetur:</strong></span> 
     </span>
     <span class='ocr_line' id='line_1_27' title="bbox 87 3094 1254 3166; baseline -0.009 -15"><span class='ocrx_word' id='word_1_223' title='bbox 87 3100 133 3151; x_wconf 90' lang='lat' dir='ltr'><strong><em>sed</em></strong></span> <span class='ocrx_word' id='word_1_224' title='bbox 161 3097 284 3166; x_wconf 82' lang='lat' dir='ltr'><strong>queniam</strong></span> <span class='ocrx_word' id='word_1_225' title='bbox 312 3105 486 3149; x_wconf 85' lang='lat' dir='ltr'><strong>antevenerat</strong></span> <span class='ocrx_word' id='word_1_226' title='bbox 511 3114 569 3150; x_wconf 91' lang='lat' dir='ltr'><strong><em>eum</em></strong></span> <span class='ocrx_word' id='word_1_227' title='bbox 595 3098 740 3165; x_wconf 84' lang='lat' dir='ltr'><strong>praeterito</strong></span> <span class='ocrx_word' id='word_1_228' title='bbox 766 3110 835 3147; x_wconf 86' lang='lat' dir='ltr'><strong>aune</strong></span> <span class='ocrx_word' id='word_1_229' title='bbox 863 3095 1029 3147; x_wconf 87' lang='lat' dir='ltr'><strong>subiicieudo</strong></span> <span class='ocrx_word' id='word_1_230' title='bbox 1056 3094 1183 3146; x_wconf 87' lang='lat' dir='ltr'><strong>Graecam</strong></span> <span class='ocrx_word' id='word_1_231' title='bbox 1249 3130 1254 3135; x_wconf 88' lang='lat'>.</span> 
     </span>
     <span class='ocr_line' id='line_1_28' title="bbox 87 3163 1183 3236; baseline -0.007 -15"><span class='ocrx_word' id='word_1_232' title='bbox 87 3169 179 3223; x_wconf 82' lang='lat' dir='ltr'><strong>urbem</strong></span> <span class='ocrx_word' id='word_1_233' title='bbox 198 3167 348 3220; x_wconf 82' lang='lat' dir='ltr'><strong>Manzikert</strong></span> <span class='ocrx_word' id='word_1_234' title='bbox 365 3169 461 3221; x_wconf 87' lang='lat' dir='ltr'><strong>dictam</strong></span> <span class='ocrx_word' id='word_1_235' title='bbox 480 3168 618 3222; x_wconf 75' lang='lat' dir='ltr'>Persarum</span> <span class='ocrx_word' id='word_1_236' title='bbox 643 3170 695 3220; x_wconf 84' lang='lat' dir='ltr'><strong><em>dux</em></strong></span> <span class='ocrx_word' id='word_1_237' title='bbox 715 3167 862 3236; x_wconf 84' lang='lat' dir='ltr'><strong>(sultanum</strong></span> <span class='ocrx_word' id='word_1_238' title='bbox 886 3166 964 3216; x_wconf 80' lang='lat' dir='ltr'><strong>novit</strong></span> <span class='ocrx_word' id='word_1_239' title='bbox 983 3165 1053 3215; x_wconf 91' lang='lat' dir='ltr'><strong>huuc</strong></span> <span class='ocrx_word' id='word_1_240' title='bbox 1074 3163 1183 3214; x_wconf 87' lang='lat' dir='ltr'><strong>illerum</strong></span> 
     </span>
     <span class='ocr_line' id='line_1_29' title="bbox 88 3234 1184 3308; baseline -0.008 -17"><span class='ocrx_word' id='word_1_241' title='bbox 88 3243 186 3291; x_wconf 84' lang='lat' dir='ltr'><strong>vocare</strong></span> <span class='ocrx_word' id='word_1_242' title='bbox 206 3238 312 3307; x_wconf 87' lang='lat' dir='ltr'><strong>lingua)</strong></span> <span class='ocrx_word' id='word_1_243' title='bbox 333 3248 359 3290; x_wconf 95' lang='lat' dir='ltr'><strong><em>et</em></strong></span> <span class='ocrx_word' id='word_1_244' title='bbox 379 3242 502 3292; x_wconf 87' lang='lat' dir='ltr'><strong>custodes</strong></span> <span class='ocrx_word' id='word_1_245' title='bbox 521 3240 680 3308; x_wconf 89' lang='lat' dir='ltr'><strong>imponendo</strong></span> <span class='ocrx_word' id='word_1_246' title='bbox 700 3239 797 3291; x_wconf 87' lang='lat' dir='ltr'><strong>Turcas</strong></span> <span class='ocrx_word' id='word_1_247' title='bbox 815 3237 979 3289; x_wconf 76' lang='lat' dir='ltr'><strong>sufficientes</strong></span> <span class='ocrx_word' id='word_1_248' title='bbox 999 3251 1057 3287; x_wconf 92' lang='lat' dir='ltr'><strong><em>cum</em></strong></span> <span class='ocrx_word' id='word_1_249' title='bbox 1075 3234 1184 3286; x_wconf 86' lang='lat' dir='ltr'><strong>Dilimi-</strong></span> 
     </span>
    </p>
   </div>
   <div class='ocr_carea' id='block_1_9' title="bbox 88 3308 1279 3379">
    <p class='ocr_par' dir='ltr' id='par_1_10' title="bbox 88 3308 1279 3379">
     <span class='ocr_line' id='line_1_30' title="bbox 88 3308 1279 3379; baseline -0.008 -17"><span class='ocrx_word' id='word_1_250' title='bbox 88 3313 122 3363; x_wconf 92' lang='lat' dir='ltr'><strong>tis</strong></span> <span class='ocrx_word' id='word_1_251' title='bbox 142 3325 257 3379; x_wconf 89' lang='lat' dir='ltr'><strong>quoque,</strong></span> <span class='ocrx_word' id='word_1_252' title='bbox 277 3312 368 3361; x_wconf 76' lang='lat' dir='ltr'><strong>statuit</strong></span> <span class='ocrx_word' id='word_1_253' title='bbox 385 3313 435 3362; x_wconf 87' lang='lat' dir='ltr'><strong>iam</strong></span> <span class='ocrx_word' id='word_1_254' title='bbox 455 3328 503 3363; x_wconf 81' lang='lat' dir='ltr'><strong><em>ren</em></strong></span> <span class='ocrx_word' id='word_1_255' title='bbox 521 3321 598 3363; x_wconf 88' lang='lat' dir='ltr'><strong>antea</strong></span> <span class='ocrx_word' id='word_1_256' title='bbox 618 3312 668 3361; x_wconf 89' lang='lat' dir='ltr'><strong><em>hoc</em></strong></span> <span class='ocrx_word' id='word_1_257' title='bbox 688 3310 812 3377; x_wconf 91' lang='lat' dir='ltr'><strong>oppidum</strong></span> <span class='ocrx_word' id='word_1_258' title='bbox 830 3308 935 3378; x_wconf 81' lang='lat' dir='ltr'><strong>ingredi</strong></span> <span class='ocrx_word' id='word_1_259' title='bbox 954 3315 980 3358; x_wconf 92' lang='lat' dir='ltr'><strong><em>et</em></strong></span> <span class='ocrx_word' id='word_1_260' title='bbox 997 3320 1137 3367; x_wconf 81' lang='lat' dir='ltr'><strong>revocare,</strong></span> <span class='ocrx_word' id='word_1_261' title='bbox 1157 3310 1184 3354; x_wconf 87' lang='lat' dir='ltr'><strong><em>at</em></strong></span> <span class='ocrx_word' id='word_1_262' title='bbox 1272 3360 1279 3369; x_wconf 27' lang='lat' dir='ltr'>x</span> 
     </span>
    </p>
   </div>
   <div class='ocr_carea' id='block_1_10' title="bbox 33 3374 1259 4235">
    <p class='ocr_par' dir='ltr' id='par_1_11' title="bbox 33 3374 1259 4235">
     <span class='ocr_line' id='line_1_31' title="bbox 33 3374 1182 3449; baseline -0.01 -14"><span class='ocrx_word' id='word_1_263' title='bbox 33 3416 36 3425; x_wconf 54' lang='grc' dir='ltr'><strong><em>ι</em></strong></span> <span class='ocrx_word' id='word_1_264' title='bbox 90 3383 249 3435; x_wconf 87' lang='lat' dir='ltr'><strong>Graecorum</strong></span> <span class='ocrx_word' id='word_1_265' title='bbox 268 3382 378 3448; x_wconf 91' lang='lat' dir='ltr'><strong>imperio</strong></span> <span class='ocrx_word' id='word_1_266' title='bbox 398 3384 554 3448; x_wconf 82' lang='lat' dir='ltr'><strong>restituere,</strong></span> <span class='ocrx_word' id='word_1_267' title='bbox 575 3391 601 3433; x_wconf 92' lang='lat' dir='ltr'><strong><em>et</em></strong></span> <span class='ocrx_word' id='word_1_268' title='bbox 627 3383 664 3433; x_wconf 88' lang='lat' dir='ltr'><strong>ita</strong></span> <span class='ocrx_word' id='word_1_269' title='bbox 682 3381 770 3433; x_wconf 86' lang='lat' dir='ltr'><strong>aliena</strong></span> <span class='ocrx_word' id='word_1_270' title='bbox 795 3380 922 3449; x_wconf 79' lang='lat' dir='ltr'><strong>aggredi,</strong></span> <span class='ocrx_word' id='word_1_271' title='bbox 942 3380 1064 3431; x_wconf 87' lang='lat' dir='ltr'><strong>nimirum</strong></span> <span class='ocrx_word' id='word_1_272' title='bbox 1084 3374 1182 3437; x_wconf 82' lang='lat' dir='ltr'><strong>Ghliat,</strong></span> 
     </span>
     <span class='ocr_line' id='line_1_32' title="bbox 90 3444 1182 3523; baseline -0.007 -20"><span class='ocrx_word' id='word_1_273' title='bbox 90 3452 159 3521; x_wconf 86' lang='lat' dir='ltr'><strong>quod</strong></span> <span class='ocrx_word' id='word_1_274' title='bbox 177 3467 231 3503; x_wconf 87' lang='lat' dir='ltr'><strong><em>nun</em></strong></span> <span class='ocrx_word' id='word_1_275' title='bbox 258 3452 339 3520; x_wconf 87' lang='lat' dir='ltr'><strong>longo</strong></span> <span class='ocrx_word' id='word_1_276' title='bbox 359 3453 466 3507; x_wconf 85' lang='lat' dir='ltr'><strong>abesset</strong></span> <span class='ocrx_word' id='word_1_277' title='bbox 495 3456 590 3523; x_wconf 88' lang='lat' dir='ltr'><strong>spatie.</strong></span> <span class='ocrx_word' id='word_1_278' title='bbox 635 3462 807 3506; x_wconf 88' lang='lat' dir='ltr'><strong>contemnens</strong></span> <span class='ocrx_word' id='word_1_279' title='bbox 835 3454 917 3522; x_wconf 90' lang='lat' dir='ltr'><strong>igitur</strong></span> <span class='ocrx_word' id='word_1_280' title='bbox 940 3451 1032 3503; x_wconf 83' lang='lat' dir='ltr'><strong>hostes</strong></span> <span class='ocrx_word' id='word_1_281' title='bbox 1057 3451 1084 3499; x_wconf 94' lang='lat' dir='ltr'><strong>in</strong></span> <span class='ocrx_word' id='word_1_282' title='bbox 1116 3444 1182 3497; x_wconf 88' lang='lat' dir='ltr'><strong>urbe</strong></span> 
     </span>
     <span class='ocr_line' id='line_1_33' title="bbox 89 3516 1182 3579; baseline -0.011 -2"><span class='ocrx_word' id='word_1_283' title='bbox 89 3524 236 3578; x_wconf 81' lang='lat' dir='ltr'><strong>Maurikert</strong></span> <span class='ocrx_word' id='word_1_284' title='bbox 254 3523 393 3575; x_wconf 88' lang='lat' dir='ltr'><strong>castelium</strong></span> <span class='ocrx_word' id='word_1_285' title='bbox 411 3534 549 3579; x_wconf 87' lang='lat' dir='ltr'><strong>servantes</strong></span> <span class='ocrx_word' id='word_1_286' title='bbox 569 3535 666 3578; x_wconf 90' lang='lat' dir='ltr'><strong>utnon</strong></span> <span class='ocrx_word' id='word_1_287' title='bbox 685 3526 850 3578; x_wconf 84' lang='lat' dir='ltr'><strong>sufficientes</strong></span> <span class='ocrx_word' id='word_1_288' title='bbox 869 3524 901 3575; x_wconf 93' lang='lat' dir='ltr'><strong><em>ad</em></strong></span> <span class='ocrx_word' id='word_1_289' title='bbox 920 3522 1084 3576; x_wconf 90' lang='lat' dir='ltr'><strong>subeundum</strong></span> <span class='ocrx_word' id='word_1_290' title='bbox 1102 3516 1182 3567; x_wconf 87' lang='lat' dir='ltr'><strong>huius</strong></span> 
     </span>
     <span class='ocr_line' id='line_1_34' title="bbox 90 3592 1181 3663; baseline -0.007 -16"><span class='ocrx_word' id='word_1_291' title='bbox 90 3599 223 3661; x_wconf 88' lang='lat' dir='ltr'><strong>impetum,</strong></span> <span class='ocrx_word' id='word_1_292' title='bbox 244 3602 271 3645; x_wconf 89' lang='lat' dir='ltr'><strong><em>et</em></strong></span> <span class='ocrx_word' id='word_1_293' title='bbox 289 3595 400 3646; x_wconf 87' lang='lat' dir='ltr'><strong>alterum</strong></span> <span class='ocrx_word' id='word_1_294' title='bbox 425 3606 526 3663; x_wconf 88' lang='lat' dir='ltr'><strong>partem</strong></span> <span class='ocrx_word' id='word_1_295' title='bbox 552 3599 709 3649; x_wconf 79' lang='lat' dir='ltr'><strong>abscindens</strong></span> <span class='ocrx_word' id='word_1_296' title='bbox 735 3598 872 3648; x_wconf 81' lang='lat' dir='ltr'><strong>maximam</strong></span> <span class='ocrx_word' id='word_1_297' title='bbox 901 3596 1044 3656; x_wconf 83' lang='lat' dir='ltr'><strong>exercitus,</strong></span> <span class='ocrx_word' id='word_1_298' title='bbox 1063 3592 1109 3642; x_wconf 90' lang='lat' dir='ltr'><strong>uni</strong></span> <span class='ocrx_word' id='word_1_299' title='bbox 1129 3604 1181 3639; x_wconf 88' lang='lat' dir='ltr'><strong><em>uo-</em></strong></span> 
     </span>
     <span class='ocr_line' id='line_1_35' title="bbox 89 3661 1181 3737; baseline -0.007 -19"><span class='ocrx_word' id='word_1_300' title='bbox 89 3666 181 3718; x_wconf 89' lang='lat' dir='ltr'><strong>biiium</strong></span> <span class='ocrx_word' id='word_1_301' title='bbox 204 3666 284 3717; x_wconf 87' lang='lat' dir='ltr'><strong>tradit</strong></span> <span class='ocrx_word' id='word_1_302' title='bbox 309 3668 448 3733; x_wconf 85' lang='lat' dir='ltr'><strong>imperium</strong></span> <span class='ocrx_word' id='word_1_303' title='bbox 478 3670 555 3734; x_wconf 86' lang='lat' dir='ltr'><strong>eius,</strong></span> <span class='ocrx_word' id='word_1_304' title='bbox 574 3669 688 3737; x_wconf 86' lang='lat' dir='ltr'><strong>luscpho</strong></span> <span class='ocrx_word' id='word_1_305' title='bbox 717 3671 844 3737; x_wconf 87' lang='lat' dir='ltr'><strong>magistro</strong></span> <span class='ocrx_word' id='word_1_306' title='bbox 862 3666 1064 3728; x_wconf 84' lang='lat' dir='ltr'><strong>Trachaniotae‚</strong></span> <span class='ocrx_word' id='word_1_307' title='bbox 1083 3661 1181 3716; x_wconf 85' lang='lat' dir='ltr'><strong>addens</strong></span> 
     </span>
     <span class='ocr_line' id='line_1_36' title="bbox 80 3734 1259 3807; baseline -0.004 -19"><span class='ocrx_word' id='word_1_308' title='bbox 80 3739 114 3788; x_wconf 77' lang='lat' dir='ltr'><strong>&#39;ei</strong></span> <span class='ocrx_word' id='word_1_309' title='bbox 134 3738 211 3787; x_wconf 89' lang='lat' dir='ltr'><strong>ctiam</strong></span> <span class='ocrx_word' id='word_1_310' title='bbox 231 3752 326 3805; x_wconf 87' lang='lat' dir='ltr'><strong>agmen</strong></span> <span class='ocrx_word' id='word_1_311' title='bbox 339 3738 455 3804; x_wconf 86' lang='lat' dir='ltr'><strong>peditum</strong></span> <span class='ocrx_word' id='word_1_312' title='bbox 474 3754 527 3789; x_wconf 90' lang='lat' dir='ltr'><strong><em>non</em></strong></span> <span class='ocrx_word' id='word_1_313' title='bbox 540 3742 726 3807; x_wconf 83' lang='lat' dir='ltr'><strong>spernendum.</strong></span> <span class='ocrx_word' id='word_1_314' title='bbox 765 3747 821 3791; x_wconf 87' lang='lat' dir='ltr'><strong>erat</strong></span> <span class='ocrx_word' id='word_1_315' title='bbox 839 3746 927 3789; x_wconf 86' lang='lat' dir='ltr'><strong>autem</strong></span> <span class='ocrx_word' id='word_1_316' title='bbox 943 3736 1054 3788; x_wconf 88' lang='lat' dir='ltr'><strong>traditus</strong></span> <span class='ocrx_word' id='word_1_317' title='bbox 1070 3734 1113 3785; x_wconf 88' lang='lat' dir='ltr'><strong>illi</strong></span> <span class='ocrx_word' id='word_1_318' title='bbox 1132 3748 1181 3784; x_wconf 82' lang='lat' dir='ltr'><strong><em>ex·</em></strong></span> <span class='ocrx_word' id='word_1_319' title='bbox 1247 3783 1259 3791; x_wconf 64' lang='grc'><strong>,</strong></span> 
     </span>
     <span class='ocr_line' id='line_1_37' title="bbox 91 3804 1180 3879; baseline -0.004 -19"><span class='ocrx_word' id='word_1_320' title='bbox 91 3808 187 3860; x_wconf 87' lang='lat' dir='ltr'><strong>ercitus</strong></span> <span class='ocrx_word' id='word_1_321' title='bbox 217 3816 243 3860; x_wconf 91' lang='lat' dir='ltr'><strong><em>et</em></strong></span> <span class='ocrx_word' id='word_1_322' title='bbox 273 3808 375 3861; x_wconf 88' lang='lat' dir='ltr'><strong>electus</strong></span> <span class='ocrx_word' id='word_1_323' title='bbox 402 3816 428 3860; x_wconf 89' lang='lat' dir='ltr'><strong><em>et</em></strong></span> <span class='ocrx_word' id='word_1_324' title='bbox 452 3811 621 3879; x_wconf 87' lang='lat' dir='ltr'><strong>impugabiiis</strong></span> <span class='ocrx_word' id='word_1_325' title='bbox 647 3814 674 3862; x_wconf 91' lang='lat' dir='ltr'><strong>in</strong></span> <span class='ocrx_word' id='word_1_326' title='bbox 702 3811 874 3862; x_wconf 87' lang='lat' dir='ltr'><strong>conserendis</strong></span> <span class='ocrx_word' id='word_1_327' title='bbox 893 3806 1013 3859; x_wconf 90' lang='lat' dir='ltr'><strong>manibus</strong></span> <span class='ocrx_word' id='word_1_328' title='bbox 1034 3814 1061 3858; x_wconf 88' lang='lat' dir='ltr'><strong><em>et</em></strong></span> <span class='ocrx_word' id='word_1_329' title='bbox 1083 3804 1180 3857; x_wconf 88' lang='lat' dir='ltr'><strong>ceteris</strong></span> 
     </span>
     <span class='ocr_line' id='line_1_38' title="bbox 89 3876 1181 3949; baseline -0.004 -18"><span class='ocrx_word' id='word_1_330' title='bbox 89 3878 167 3931; x_wconf 88' lang='lat' dir='ltr'><strong>bellis</strong></span> <span class='ocrx_word' id='word_1_331' title='bbox 186 3881 297 3945; x_wconf 89' lang='lat' dir='ltr'><strong>primum</strong></span> <span class='ocrx_word' id='word_1_332' title='bbox 317 3878 464 3947; x_wconf 88' lang='lat' dir='ltr'><strong>perieulum</strong></span> <span class='ocrx_word' id='word_1_333' title='bbox 485 3890 511 3931; x_wconf 91' lang='lat' dir='ltr'><strong><em>ct</em></strong></span> <span class='ocrx_word' id='word_1_334' title='bbox 532 3890 665 3933; x_wconf 87' lang='lat' dir='ltr'><strong>certamen</strong></span> <span class='ocrx_word' id='word_1_335' title='bbox 693 3883 852 3949; x_wconf 85' lang='lat' dir='ltr'><strong>suscipiens,</strong></span> <span class='ocrx_word' id='word_1_336' title='bbox 872 3888 899 3930; x_wconf 94' lang='lat' dir='ltr'><strong><em>et</em></strong></span> <span class='ocrx_word' id='word_1_337' title='bbox 912 3878 1079 3931; x_wconf 88' lang='lat' dir='ltr'><strong>multitudine</strong></span> <span class='ocrx_word' id='word_1_338' title='bbox 1098 3876 1181 3945; x_wconf 83' lang='lat' dir='ltr'><strong>longe</strong></span> 
     </span>
     <span class='ocr_line' id='line_1_39' title="bbox 90 3951 1181 4018; baseline -0.005 -15"><span class='ocrx_word' id='word_1_339' title='bbox 90 3959 215 4017; x_wconf 77' lang='lat' dir='ltr'><strong>superans</strong></span> <span class='ocrx_word' id='word_1_340' title='bbox 235 3952 293 4017; x_wconf 91' lang='lat' dir='ltr'><strong>regi</strong></span> <span class='ocrx_word' id='word_1_341' title='bbox 312 3951 457 4003; x_wconf 89' lang='lat' dir='ltr'><strong>subiectos.</strong></span> <span class='ocrx_word' id='word_1_342' title='bbox 496 3954 593 4004; x_wconf 86' lang='lat' dir='ltr'><strong>etenim</strong></span> <span class='ocrx_word' id='word_1_343' title='bbox 619 3954 645 4002; x_wconf 94' lang='lat' dir='ltr'><strong>in</strong></span> <span class='ocrx_word' id='word_1_344' title='bbox 664 3953 816 4018; x_wconf 87' lang='lat' dir='ltr'><strong>praeteritis</strong></span> <span class='ocrx_word' id='word_1_345' title='bbox 841 3951 937 4018; x_wconf 88' lang='lat' dir='ltr'><strong>pugnis</strong></span> <span class='ocrx_word' id='word_1_346' title='bbox 955 3965 1010 4000; x_wconf 88' lang='lat' dir='ltr'><strong><em>nen</em></strong></span> <span class='ocrx_word' id='word_1_347' title='bbox 1030 3957 1103 4001; x_wconf 88' lang='lat' dir='ltr'><strong>tanta</strong></span> <span class='ocrx_word' id='word_1_348' title='bbox 1124 3955 1181 3999; x_wconf 87' lang='lat' dir='ltr'><strong>erat</strong></span> 
     </span>
     <span class='ocr_line' id='line_1_40' title="bbox 90 4021 1179 4090; baseline -0.006 -15"><span class='ocrx_word' id='word_1_349' title='bbox 90 4021 196 4075; x_wconf 85' lang='lat' dir='ltr'><strong>Graecis</strong></span> <span class='ocrx_word' id='word_1_350' title='bbox 214 4025 362 4074; x_wconf 83' lang='lat' dir='ltr'><strong>necessitas</strong></span> <span class='ocrx_word' id='word_1_351' title='bbox 382 4039 439 4073; x_wconf 88' lang='lat' dir='ltr'><strong><em>cum</em></strong></span> <span class='ocrx_word' id='word_1_352' title='bbox 460 4038 535 4090; x_wconf 86' lang='lat' dir='ltr'><strong>rege,</strong></span> <span class='ocrx_word' id='word_1_353' title='bbox 553 4033 582 4075; x_wconf 91' lang='lat' dir='ltr'><strong><em>ut</em></strong></span> <span class='ocrx_word' id='word_1_354' title='bbox 599 4025 676 4074; x_wconf 83' lang='lat' dir='ltr'><strong>etiam</strong></span> <span class='ocrx_word' id='word_1_355' title='bbox 698 4024 755 4074; x_wconf 88' lang='lat' dir='ltr'><strong>eius</strong></span> <span class='ocrx_word' id='word_1_356' title='bbox 774 4039 852 4090; x_wconf 86' lang='lat' dir='ltr'><strong>pars,</strong></span> <span class='ocrx_word' id='word_1_357' title='bbox 873 4021 955 4090; x_wconf 83' lang='lat' dir='ltr'><strong>vulgo</strong></span> <span class='ocrx_word' id='word_1_358' title='bbox 974 4021 1037 4073; x_wconf 90' lang='lat' dir='ltr'><strong>dicti</strong></span> <span class='ocrx_word' id='word_1_359' title='bbox 1057 4022 1179 4087; x_wconf 82' lang='lat' dir='ltr'><strong>„mutan-</strong></span> 
     </span>
     <span class='ocr_line' id='line_1_41' title="bbox 90 4090 1179 4162; baseline -0.004 -18"><span class='ocrx_word' id='word_1_360' title='bbox 90 4101 159 4156; x_wconf 82' lang='lat' dir='ltr'><strong>tes‚“</strong></span> <span class='ocrx_word' id='word_1_361' title='bbox 188 4093 335 4159; x_wconf 87' lang='lat' dir='ltr'><strong>periculum</strong></span> <span class='ocrx_word' id='word_1_362' title='bbox 364 4093 465 4146; x_wconf 89' lang='lat' dir='ltr'><strong>subiret</strong></span> <span class='ocrx_word' id='word_1_363' title='bbox 491 4103 517 4145; x_wconf 89' lang='lat' dir='ltr'><strong><em>ct</em></strong></span> <span class='ocrx_word' id='word_1_364' title='bbox 541 4094 642 4145; x_wconf 88' lang='lat' dir='ltr'><strong>beilum</strong></span> <span class='ocrx_word' id='word_1_365' title='bbox 661 4094 827 4160; x_wconf 88' lang='lat' dir='ltr'><strong>decertaret,</strong></span> <span class='ocrx_word' id='word_1_366' title='bbox 853 4095 903 4146; x_wconf 86' lang='lat' dir='ltr'><strong><em>sed</em></strong></span> <span class='ocrx_word' id='word_1_367' title='bbox 924 4090 1179 4162; x_wconf 83' lang='lat' dir='ltr'><strong>praeoccupantibus</strong></span> 
     </span>
     <span class='ocr_line' id='line_1_42' title="bbox 91 4165 1180 4235; baseline -0.004 -20"><span class='ocrx_word' id='word_1_368' title='bbox 91 4165 225 4215; x_wconf 86' lang='lat' dir='ltr'><strong>victoriam</strong></span> <span class='ocrx_word' id='word_1_369' title='bbox 246 4167 342 4217; x_wconf 88' lang='lat' dir='ltr'><strong>ceteris</strong></span> <span class='ocrx_word' id='word_1_370' title='bbox 364 4166 555 4231; x_wconf 71' lang='lat' dir='ltr'><strong>„mutantibus‘t</strong></span> <span class='ocrx_word' id='word_1_371' title='bbox 582 4166 722 4217; x_wconf 88' lang='lat' dir='ltr'><strong>manebant</strong></span> <span class='ocrx_word' id='word_1_372' title='bbox 740 4167 846 4219; x_wconf 85' lang='lat' dir='ltr'><strong>ordines</strong></span> <span class='ocrx_word' id='word_1_373' title='bbox 873 4168 932 4235; x_wconf 88' lang='lat' dir='ltr'><strong>regi</strong></span> <span class='ocrx_word' id='word_1_374' title='bbox 951 4165 1085 4217; x_wconf 89' lang='lat' dir='ltr'><strong>coniuncti</strong></span> <span class='ocrx_word' id='word_1_375' title='bbox 1106 4167 1180 4213; x_wconf 84' lang='lat' dir='ltr'><strong>extra</strong></span> 
     </span>
    </p>
   </div>
   <div class='ocr_carea' id='block_1_11' title="bbox 0 0 1426 4750">
    <p class='ocr_par' dir='ltr' id='par_1_12' title="bbox 0 0 1426 4750">
     <span class='ocr_line' id='line_1_43' title="bbox 0 0 1426 4750; baseline 0 0"><span class='ocrx_word' id='word_1_376' title='bbox 0 0 1426 4750; x_wconf 95' lang='lat' dir='ltr'><strong><em> </em></strong></span> 
     </span>
    </p>
   </div>
  </div>
 </body>
</html>
