2834 4750
430 301 436 317 ¹
524 276 732 350 numnam
1001 316 1004 323 ·
1103 278 1179 369 aas

57 428 210 521 μεγύλην
246 436 303 500 ούκ
333 436 501 558 η’μβλύνθη
529 441 586 503 καί
611 442 862 528 βασιλικωτάτην
889 449 1085 535 προαίρεσιν,
1108 452 1177 519 α’λλ
1254 438 1259 453 ’

59 532 231 660 ρ’φθόνοις
252 559 346 619 χερσι
368 561 422 601 και
445 535 740 646 μεγαλοδωροις’
695 566 817 619 παντας
834 543 914 627 ύπὲρ
936 550 1041 613 πᾶσαν
1062 549 1175 619 ἐλπίδα

57 638 214 720 ἰσχυρως
244 636 484 723 κατεπλούτισε,
513 638 568 703 καί
583 644 768 765 φιλοτίμοις
797 630 960 723 δεξιώσεσι
988 673 1042 713 και
1064 650 1177 735 ῥύμαις

57 738 337 820 μυριοταλύντοις
357 735 492 821 στρατόν
516 737 593 805 κατὰ
609 744 670 804 τού
687 745 908 824 ἀντικειμένου
921 750 1097 830 Βρυεννιύυ
1122 759 1178 820 καί
1225 824 1228 831 ,

33 839 125 901 brais
153 829 266 902 ἄλλων
285 834 462 957 Ιτυρόννυρν
483 843 637 923 μέγιστον
667 844 869 959 παρεκίνησε,
899 870 952 910 και
948 846 1068 912 υύδὲν
1090 852 1177 938 αύτῷ

59 960 188 1058 απρρυν
223 933 244 1021 ἢ
272 941 375 1015 ἐνδεὲς
403 938 437 1004 τό
459 940 612 1025 παράπαν
642 940 854 1029 συνήντησεν·
910 948 952 1022 αἱς
976 942 1057 1012 εἶναι
1082 952 1177 1034 δῆλον

58 1061 113 1100 και
150 1038 266 1123 σῖληθή
296 1036 350 1105 τόν
378 1040 516 1106 παλαιόν
542 1066 595 1107 και
633 1040 849 1109 συνετώτατον
882 1044 994 1132 λόγον,
1026 1042 1073 1115 ὅτι
1097 1075 1175 1116 ouon

58 1141 255 1223 προαίρεσις
278 1138 403 1226 ἀγαθή,
429 1140 463 1206 τό
480 1145 603 1208 κωλύον
625 1137 730 1224 αύδὲν,
751 1144 892 1225 μάλιστα
909 1150 945 1212 δὲ
968 1152 1101 1230 βασιλεῖ
1117 1154 1177 1215 ταῖν

59 1231 172 1304 ἄλλων
198 1239 391 1359 ζύπερφὲρον
417 1239 450 1307 τό
474 1243 633 1309 πλούσιον.
693 1248 749 1309 καί
780 1241 886 1324 ούδείς
919 1243 986 1314 ὀἶδε’
1007 1253 1084 1316 ποτέ
1104 1276 1175 1316 τινα

16 1339 185 1405 1θτούτουν
210 1342 399 1423 πενόμενον·
444 1338 553 1410 dtt’‘'
536 1368 610 1409 οσον
632 1343 804 1432 ε’ξύντλητα
833 1356 909 1433 παρ’
932 1352 1033 1415 αύτυυ
1057 1354 1097 1414 δι’
1120 1351 1177 1414 εύ-

59 1441 173 1519 ποιίας
198 1439 239 1506 ταὶ
259 1441 413 1528 χρήματα
434 1448 491 1509 καί
509 1446 711 1529 χρεωλυυίας
733 1450 893 1534 πεποίητο,
914 1454 1064 1515 τυσοῦτον
1086 1448 1174 1535 παραὶ

60 1545 120 1605 τού
139 1545 371 1664 βασιλεύοντος
392 1536 555 1611 ύνωθτν’
539 1556 776 1632 επιχορηγεῖται
806 1552 907 1675 τρύτιρ
930 1576 1016 1673 πηγή
1032 1554 1088 1617 καί
1110 1575 1172 1616 πα-

61 1643 170 1725 ταμός
199 1647 332 1728 χρυσυόν
351 1642 584 1732 α’νεξιίντλητος.
638 1641 774 1735 ύληθινή
803 1649 864 1736 γὰρ
886 1654 973 1718 ἐστιν
995 1647 1174 1735 αμπελοςὸ

60 1747 120 1829 τῆς
151 1742 303 1832 α’φθόνου
338 1741 568 1829 μεταδόσεως
569 1747 698 1874 κύριρς,
741 1774 891 1818 τοσουτον
923 1754 1173 1834 ἐπαυξανόμενος

18 1856 49 1910 15
61 1869 141 1912 οσον
163 1844 400 1932 περιτίμνει
366 1872 421 1911 τον
444 1855 579 1914 πλοῦτον
601 1876 653 1917 και
682 1853 847 1938 σκορπίζει
872 1856 913 1915 δι
934 1854 1128 1971 dyodp'rqso.
1182 1866 1304 1927 tanin
1370 1878 1383 1901 ⁸

136 1943 265 2015 Ἀλλὰ
294 1945 331 2013 τύ
362 1952 423 2031 μὲν
452 1974 526 2035 περι
549 1954 607 2016 τού
636 1953 745 2037 σοφού
775 1959 932 2036 βασιλέως
954 1952 1031 2019 κατὰ
1061 1953 1173 2037 καιρόν

61 2053 224 2129 λελέξεται
245 2044 391 2133 ύστερον,
413 2045 462 2116 ὅτε
473 2054 586 2115 τοῦτον
608 2048 628 2136 ή
651 2051 743 2127 πόλις
765 2051 895 2136 λαμπρύ
918 2058 1071 2140 λαμπρούς
1091 2054 1174 2119 duo-

63 2152 193 2228 δέξεται
223 2148 277 2214 καί
304 2149 441 2235 μυρίιιις
471 2152 588 2241 τιμήσῃ
619 2157 689 2229 ταῖς
716 2152 894 2239 εύφημίαις
921 2155 977 2219 καί
996 2152 1174 2241 πανηγύρε-

63 2274 140 2314 σιν·
186 2252 220 2314 ε’ν
241 2252 276 2315 δὲ
296 2257 362 2327 τοῖς
383 2244 541 2335 ἑσπερίοις
561 2255 672 2337 μέρεσι
696 2252 826 2339 φεύγων
850 2259 908 2335 μὲν
928 2254 944 2321 ὃ
966 2258 1024 2320 τοῦ
1048 2262 1175 2339 Βρυεν-

20 2353 138 2416 ἳθνίου
161 2346 365 2437 αύτόδελφος
387 2349 466 2434 μετὰ
490 2355 552 2418 ταῖν
573 2354 656 2442 α’μφ’
683 2351 781 2419 αύτόν
811 2358 850 2441 τῇ
868 2355 1037 2446 Ῥαιδεσιηῖ
1057 2377 1175 2441 προσε-

64 2456 198 2537 uddone,
221 2451 275 2518 καί
294 2451 413 2539 ταύτης
433 2451 520 2529 ἐντός
542 2455 765 2539 εἰσελήλυθεν,
786 2454 816 2521 οἱ
836 2457 872 2520 δὲ
893 2457 1095 2535 Πατζινύιιοι
1117 2458 1176 2542 τήν

64 2559 130 2619 τοῖν
153 2554 357 2621 Μακεδόνων
378 2558 575 2623 σι’ποστασιάν
598 2556 683 2620 ἰδίαν
700 2557 877 2642 εύπραγίαν
896 2562 951 2622 κατ’
971 2553 1100 2638 εὔνοιαν
1121 2564 1176 2622 λο-

64 2656 245 2739 γισάμενοι,
274 2655 355 2736 μετὰ
382 2653 526 2741 πλήθους
547 2652 610 2720 ὀύκ
640 2654 808 2743 ἐλαχίστου
839 2662 879 2747 τῇ
912 2659 1174 2744 Ἁδριανοηπόλει

127 2817 361 2956 Ῑιηῆμδλῆθηῦ.
456 2820 484 2873 9.
504 2818 722 2894 ύπερφέροκτιλ
828 2821 890 2878 οἶδε
910 2821 939 2876 0.
1032 2823 1073 2879 10.
1093 2822 1173 2890 ἐξήκ-

127 2889 277 2948 ιΟττον

67 3037 228 3091 liberalibus
247 3053 339 3090 omnes
359 3053 439 3107 supra
458 3052 562 3090 omnem
580 3054 654 3107 spem
673 3039 753 3091 valde
772 3039 867 3090 ditavit
885 3047 916 3100 et
940 3038 1096 3091 honorificis
1122 3054 1173 3090 ex.

68 3110 240 3178 ceptionibns
260 3117 287 3161 et
304 3108 490 3178 largitionibus
509 3110 651 3162 multorum
670 3109 831 3162 talentorum
852 3110 997 3161 exercitum
1008 3117 1101 3159 contra
1120 3123 1172 3175 op.

67 3183 187 3248 positum
214 3181 379 3266 bryenniqm
405 3189 431 3232 et
458 3188 563 3234 ceteros
587 3190 715 3248 tyrannos
740 3182 880 3232 maximum
911 3181 1057 3231 excitarit·
1083 3194 1172 3247 neque

68 3254 214 3321 quidquam
233 3254 258 3303 ei
278 3254 386 3319 inopiae
404 3252 450 3304 vel
470 3252 636 3306 difficultatis
654 3253 762 3304 omnino
782 3252 909 3314 obvenit,
929 3253 965 3302 ita
984 3258 1013 3302 ut
1041 3252 1076 3303 sit
1096 3250 1170 3302 clara

69 3330 97 3374 et
116 3341 183 3377 vera
203 3325 289 3375 oratio
307 3323 356 3374 illa
373 3331 480 3376 vetusta
499 3330 526 3374 et
543 3324 757 3407 prudentissima,
778 3323 823 3375 ubi
843 3288 984 3374 eonsilium
1005 3322 1104 3373 bonnm
1124 3321 1173 3372 ad-

68 3396 115 3460 sit,
135 3395 172 3446 ibi
191 3395 259 3446 nibil
282 3410 341 3446 esse
361 3396 554 3463 impedimenti,
571 3397 685 3446 maxime
703 3404 792 3447 autern
809 3410 900 3462 regern
914 3395 1013 3449 ceteris
1024 3391 1171 3444 'excellere

68 3465 192 3534 divitiis.
218 3473 298 3534 atque
321 3482 400 3518 uerno
424 3468 501 3521 novit
525 3475 639 3535 unquam
664 3482 813 3535 quenquam
843 3466 935 3516 horum
965 3479 1097 3531 egenum.
1126 3464 1174 3515 scd

71 3529 200 3606 quantum
220 3535 413 3589 exhauriuntur
440 3538 473 3590 ab
492 3553 524 3589 eo
543 3540 654 3592 divitiae
682 3538 824 3592 beneficiis
851 3547 877 3590 et
899 3538 996 3588 olficiis
1015 3534 1173 3596 solvendis,

68 3617 173 3659 tantum
192 3622 208 3657 a
225 3622 292 3674 rege
311 3621 408 3674 supero
429 3609 571 3675 praebetur
589 3611 651 3663 huic
673 3612 733 3663 fons
753 3619 780 3662 et
798 3610 895 3663 ilnvius
912 3608 969 3660 auri
990 3606 1172 3658 inexhaustus.

73 3694 141 3731 vera
161 3679 230 3730 enim
250 3679 313 3731 vltis
334 3688 375 3732 est
392 3680 525 3748 benignae
543 3681 694 3751 largitionis
714 3683 845 3746 dominus,
864 3686 1077 3740 tantumauctus‚
1089 3692 1175 3743 quan-

71 3758 128 3802 tum
147 3750 346 3802 circumscribit
363 3751 481 3815 divitias,
502 3760 529 3804 et
546 3755 649 3821 spargit
672 3761 782 3820 propter
805 3755 940 3804 virtutem

175 3840 227 3892 Sed
246 3839 279 3890 de
300 3839 421 3905 sapiente
439 3853 505 3907 rege
527 3855 575 3892 suo
594 3849 715 3908 tempore
736 3841 840 3892 dicetur
857 3848 961 3907 postea,
981 3839 1084 3907 quando
1106 3836 1177 3886 hanc

72 3911 136 3964 urbs
155 3910 295 3978 splendida
309 3909 449 3976 splendide
460 3912 577 3978 excipiet
597 3919 622 3962 et
636 3910 873 3963 innumerabilibus
891 3911 1033 3962 honorabit
1051 3907 1174 3960 laudibus

73 3989 100 4032 et
118 3984 204 4036 lestis.
225 3982 252 4033 in
275 3980 487 4033 occidentalibus
505 3990 592 4032 autern
613 3982 732 4048 partibus
754 3981 861 4050 lugiens
880 3982 963 4034 irater
975 3982 1174 4047 Bryenniicum

74 4054 140 4118 suis,
159 4054 291 4106 Raedesto
311 4054 539 4120 appropinquavit
557 4060 584 4102 et
602 4052 670 4103 hanc
694 4051 785 4105 urbem
809 4055 927 4106 intravit.
966 4053 1100 4105 Patsinaci
1125 4065 1175 4101 au-

77 4130 131 4174 tem
147 4123 320 4178 llacedonum
339 4125 499 4178 seditionem
517 4138 590 4177 snam
610 4123 766 4176 felicitatem
787 4133 814 4178 et
837 4123 1052 4177 benevolentiam
1078 4130 1175 4190 putan-

79 4200 121 4249 tes
142 4212 201 4250 cnm
222 4195 392 4250 multitudino
410 4209 467 4250 non
484 4197 592 4251 minima
606 4195 783 4264 Adrianopoli
802 4198 1045 4266 appropinquarunt
1063 4203 1090 4246 et
1108 4193 1176 4244 hane
