2834 4750
468 281 713 372 nisnonn.
1117 280 1167 364 ιο

56 442 120 504 καί
138 437 194 515 τός
217 436 334 526 ἀγοράς
353 441 571 525 περιέκοπτον,
601 447 656 508 καί
675 441 718 520 ἀς
749 445 782 509 ἐν
805 445 1026 532 ἀκροβολισμῷ
1047 443 1167 528 τότῆς

55 540 170 625 μάχης
196 541 326 624 ἐγίνετο.
378 538 492 624 μικρὸν
505 542 539 607 δὲ
564 537 697 626 ῦστερον
718 547 781 608 νῦν
801 545 864 609 ἀπὸ
886 547 941 628 τῆς
962 540 1045 620 ἓιόας
1066 569 1168 625 στρα-

54 643 229 723 τευμάτων
247 637 395 706 ἀπόντων
410 641 655 730 ἐπανελθόντων,
677 647 734 711 καί
746 645 800 729 τῆς
815 643 980 727 δυνάμεως
992 641 1093 730 ἀδρῦς
1106 637 1167 729 ἤδη

52 746 229 827 γενομένης
250 744 293 830 τῷ
305 739 441 823 βασιλεῖ,
466 739 506 806 τό
529 742 605 826 πρὸς
623 742 676 810 τόν
698 745 835 828 πόλεμον
850 743 1042 830 ἐξηρτύοντο.
1063 747 1120 811 καί
1138 742 1169 810 οἱ

25 847 117 927 ὃμὲν
140 841 173 908 ἐκ
197 843 427 928 τῆςβασιλίδσς
442 841 521 908 κατὰ
544 845 801 912 τῦκάυτιπόλων
826 849 1053 928 ἐσκευασμένοι
1075 842 1165 931 ἐξῄε-

54 972 143 1030 σαν,
174 941 374 1030 Βοολγσρικὴ
406 946 441 1008 δέ
476 969 523 1024 τις
545 945 680 1028 δῦναμις
712 945 775 1012 ἀπό
811 951 865 1030 τῆς
902 941 1037 1030 ἑσπέρας
1065 971 1167 1028 μετα-

53 1052 248 1134 πεμφθεῖσα
263 1041 341 1110 κατά
364 1043 466 1110 νοότου
487 1054 554 1122 τοῖς
575 1052 649 1132 περί
666 1046 720 1114 τόν
742 1045 922 1132 ἀπσστάτην
941 1049 1070 1130 ἐγίνετο.
1091 1041 1167 1112 ὅθεν

54 1150 115 1213 κατ’
137 1155 255 1232 μοῖραν
280 1137 370 1221 οὗτος
391 1147 448 1209 οάκ
471 1149 639 1233 ἐλαχίστην
662 1149 895 1231 ἀποτεμόμενος
923 1149 1083 1231 ἐπιτρέπει
1109 1145 1168 1230 την

53 1247 229 1332 ἡγεμονίαν
261 1245 362 1330 αῦτῆς
392 1251 436 1335 τῷ
464 1256 610 1331 συγγενεῖ
630 1249 732 1313 αῦτοῦ
760 1250 921 1336 στρατηγῷ
944 1248 987 1336 τῷ
1010 1245 1166 1336 Βατόιτζη,
1177 1274 1196 1328 ρ,
1215 1275 1266 1331 172
1277 1294 1304 1333 ι
1355 1287 1358 1293 ·

13 1361 43 1414 [0
53 1346 155 1432 ἀνδρί
173 1353 304 1438 γενναίῳ
328 1347 383 1412 κατ’
403 1351 521 1437 συνετῷ
551 1353 605 1415 καί
632 1347 713 1432 πρός
741 1351 846 1414 πᾶσαν
866 1345 1037 1432 πολεμικήν
1058 1351 1168 1429 ἐμπεί-

55 1452 132 1533 ρίαν
162 1449 380 1538 ἀκαθαιρέτιρ·
433 1453 487 1514 κατ’
515 1446 689 1533 συμβαλών
718 1442 810 1524 σῦτσς
842 1455 906 1524 τσῖς
937 1448 1167 1533 ῦπερχσμένυις

53 1551 260 1636 Βσυλγάροις
281 1553 355 1634 περί
374 1551 432 1635 τήν
452 1553 515 1615 τάν
532 1552 694 1632 Κυψέλων
713 1553 893 1636 περίχωρον
918 1549 1017 1632 ἀγοῦνι
1038 1545 1166 1636 μεγάλην

53 1652 182 1718 τούτων
205 1658 331 1734 κρατεῖ,
361 1651 416 1716 καί
445 1650 581 1727 πολλοῦς
615 1650 736 1717 ἀνελών
765 1653 926 1736 ἐπανῆλθε
947 1653 991 1737 τρλ
1012 1647 1169 1736 προτερή-

53 1775 139 1831 ματι
162 1748 401 1833 σεμνυνόμενος.
447 1742 522 1834 εὗρε
545 1755 579 1816 δέ
600 1751 655 1817 τόν
683 1744 909 1818 ἀποσταλέντα
932 1755 1044 1817 τοῦτον
1065 1752 1168 1835 πάσης

13 1865 43 1916 15
53 1854 259 1934 ἐψιλωμένον
284 1849 411 1935 ἰσχῦσς·
456 1848 486 1915 οἱ
502 1849 564 1936 γόρ
601 1854 794 1934 στρατιῶται
821 1851 1044 1927 καταλιπόντες
1065 1851 1167 1914 αάτδν

15 2019 20 2028 ,
55 1947 153 2028 ἄλλος
176 1951 321 2035 ἀλλαχοῦ
338 1953 564 2038 διεσπάρησαν.
608 1949 729 2030 ἰδόντες
754 1953 789 2018 δέ
808 1956 865 2017 καί
886 1949 917 2017 οἱ
939 1956 1013 2038 περί
1032 1940 1166 2016 1deoe-

54 2053 176 2138 τάτζην
206 2052 241 2118 τό
269 2053 411 2137 γεγονός,
447 2054 566 2138 ἀθρόον
595 2058 651 2118 καί
682 2054 777 2119 αῦτοέ
798 2040 956 2142 φυγαδείρ
978 2049 1167 2149 έχρησαντο.

56 2157 222 2230 συνιέντες
254 2147 309 2218 σῦν
341 2145 426 2220 οῦτοι
458 2149 517 2244 ὅπη
551 2155 650 2239 τῦχης
671 2155 753 2240 εἰσί,
782 2156 838 2218 κατ’
858 2153 965 2218 πᾶσαν
982 2148 1168 2236 ἀπογνόντες

56 2250 221 2338 σωτηρίοις
244 2251 335 2335 dtis,
363 2258 406 2343 aqi
435 2257 468 2319 ἐν
492 2253 755 2342 Βουλγαροφῦγῳ
779 2255 874 2342 ,σηκῷ
901 2242 1168 2338 καταφεῦγοοσιν.

15 2356 346 2438 λθέπιιιαταλαβόντος
384 2357 419 2421 δὲ
449 2359 507 2422 τοῦ
528 2359 697 2440 βασιλικοῦ
728 2356 963 2439 στρατοπέδου,
998 2355 1054 2435 τῆς
1078 2349 1168 2436 ἱερῦς

56 2457 217 2539 τραπέζης
239 2459 459 2541 περιεχόμενοι
480 2446 687 2523 ἀποσπῶνται
705 2460 830 2539 βιαίως,
852 2454 907 2520 καί
929 2451 1092 2535 δεσμῶται
1111 2474 1167 2535 γε·

59 2554 189 2636 νόμενον
213 2560 255 2645 τῷ
277 2560 409 2639 βασιλεῖ
425 2563 692 2644 παραπέμποντας
713 2562 789 2643 περί
807 2556 863 2642 την
887 2553 1010 2640 ἡμέραν
1031 2559 1087 2638 τῆς
1107 2554 1167 2619 τοῦ

19 2696 21 2706 ·
57 2656 200 2741 μεγάλου
221 2661 300 2722 θεοῦ
321 2660 376 2724 κατ’
396 2662 539 2747 σωτῆρος
563 2655 653 2745 ἦμιῦν
674 2661 777 2746 Ἰησοῦ
797 2658 940 2746 Χριστοῦ
961 2658 1167 2741 γενεθλιακῆς
1193 2721 1200 2734 ,a

59 2976 264 3047 progredientes
291 2980 416 3032 nonnulli
447 2980 561 3048 dispersi
588 2980 815 3050 aggrediebantur
843 2985 907 3043 eos,
934 2978 979 3047 qui
998 2986 1060 3029 ante
1079 2987 1166 3031 eastra
1223 3007 1229 3016 ·

60 3051 133 3101 missi
154 3060 238 3113 erant,
258 3060 285 3101 et
304 3052 362 3103 lora
380 3051 507 3104 delebant
532 3061 557 3103 et
576 3053 650 3121 quasi
676 3053 778 3102 eminus
801 3066 891 3119 pugna
910 3050 1037 3117 quaedam
1057 3052 1167 3100 coorie-

60 3118 145 3175 batur.
185 3122 276 3189 paullo
297 3132 384 3174 autem
404 3133 464 3190 post
483 3140 541 3173 eum
561 3124 672 3174 orientis
699 3123 833 3173 exereitus
854 3137 945 3173 omnes
965 3120 1117 3183 rediissent,
1139 3128 1167 3171 et

61 3193 101 3241 vis
123 3192 214 3244 valida
233 3194 284 3244 iam
304 3203 376 3245 esset
396 3197 463 3263 regi,
484 3211 553 3263 quae
572 3196 604 3246 ud
625 3193 726 3244 bellum
746 3209 811 3259 opus
831 3201 892 3244 sunt
910 3190 1045 3259 parabant.
1085 3200 1166 3259 atque

61 3261 107 3313 alii
127 3280 162 3314 ex
188 3266 264 3333 regia
287 3273 378 3317 contra
397 3264 487 3318 hostes
521 3266 643 3318 instructi
671 3264 892 3333 egrediebantur;
915 3263 1059 3332 Bulgarica
1078 3272 1166 3315 autem

62 3335 190 3399 quaedam
216 3336 356 3388 multitudo
388 3353 421 3387 ex
447 3338 587 3389 occidente
607 3344 701 3403 postea
727 3337 808 3388 missa
826 3352 841 3386 a
862 3344 939 3405 terge
959 3335 1078 3401 partibus
1096 3350 1166 3403 ape.

62 3411 145 3456 statae
165 3408 248 3458 venit.
284 3407 454 3477 quamebrem
482 3410 560 3460 etiarn
585 3416 687 3476 partem
715 3407 761 3458 bie
778 3423 832 3459 non
860 3409 993 3460 minimam
1012 3414 1119 3473 separat
1139 3413 1166 3455 et

61 3478 140 3528 tradit
158 3478 298 3543 imperium
318 3481 375 3531 eius
395 3482 545 3548 propinquo
565 3496 613 3531 sue
631 3480 691 3531 duci
711 3479 848 3543 Batatuae‚
868 3481 926 3531 viro
945 3478 1031 3529 nobili
1051 3486 1078 3527 et
1098 3492 1165 3543 pru-

62 3544 133 3597 denti
155 3550 227 3599 etin
247 3550 317 3601 omui
335 3549 401 3601 belli
421 3552 518 3617 peritia
536 3552 648 3603 invicto.
689 3560 716 3602 et
733 3567 895 3620 congressus
920 3549 964 3599 bic
983 3564 1042 3599 cum
1055 3549 1099 3611 iis,
1119 3548 1165 3613 qui

63 3617 243 3670 subvenerant
260 3621 384 3689 Bulgaris
412 3624 483 3673 circa
501 3622 677 3689 Kypselorum
699 3624 854 3691 regionem,
874 3619 980 3687 proelio
1000 3633 1095 3686 magno
1116 3617 1166 3669 lios

63 3688 147 3740 vincit
165 3699 192 3741 et
210 3690 301 3743 multis
321 3693 470 3743 interfectis
490 3694 569 3744 rediit
588 3695 702 3745 victoria
723 3693 817 3745 elatus.
860 3691 966 3742 invenit
984 3698 1073 3760 ¹autem
1094 3706 1164 3753 eum,

63 3760 106 3824 qui
125 3760 196 3812 hune
214 3764 332 3827 miserat,
353 3765 424 3814 omni
443 3764 601 3815 denudatum
623 3768 667 3828 vi;
686 3764 785 3815 milites
811 3764 880 3815 enim
899 3760 1085 3827 relinquentes
1105 3777 1165 3812 eum

62 3828 129 3881 alius
154 3832 209 3883 alio
235 3834 348 3901 dispersi
377 3844 460 3887 ruant.
496 3846 667 3897 cumautem
689 3836 812 3886 viderent
837 3834 916 3883 etiam
935 3831 1061 3884 Ratatnae
1089 3832 1165 3883 mili.

62 3905 100 3951 tes
120 3902 232 3967 lactum,
256 3920 310 3955 una
337 3914 364 3957 et
389 3908 441 3973 ipsi
469 3906 550 3972 fugae
577 3922 606 3958 se
629 3907 767 3958 dederunt.
814 3902 998 3972 intelligentes
1020 3905 1101 3972 igitur
1120 3904 1165 3968 bi,
1244 3902 1256 3914 “

51 3984 111 4035 ‚qua
136 3976 163 4025 in
191 3975 297 4027 fortuna
322 3985 413 4029 essent
432 3978 589 4041 constituti,
616 3984 642 4027 et
661 3991 766 4027 omnem
791 3976 963 4041 desperantes
982 3974 1076 4027 salutis
1094 3977 1165 4027 viam
1240 3970 1249 3987 ’

63 4041 93 4091 ad
108 4045 243 4113 templum,
264 4038 334 4115 quod
354 4050 435 4099 estin
454 4046 675 4117 bulgarophygo,
696 4047 864 4116 confugiunt.
902 4057 961 4098 'eum
979 4055 1066 4099 autem
1086 4063 1164 4099 asse-

64 4124 187 4178 queretur
207 4132 254 4168 ees
279 4120 351 4187 regis
379 4122 512 4172 exereitus
540 4134 640 4172 sacram
662 4134 780 4171 mensum
798 4127 922 4172 tenentes
942 4118 1106 4186 abripiuntur
1125 4120 1164 4182 vi,

64 4190 90 4232 et
107 4189 206 4256 captiui
226 4189 258 4240 ad
276 4205 368 4259 regem
386 4193 525 4246 mittuntur
546 4192 618 4245 circa
636 4192 707 4245 diem
726 4192 823 4247 festum
847 4191 995 4245 nativitatis
1013 4191 1102 4259 magni
1119 4189 1167 4241 dei
