2834 4750
224 273 271 368 il
511 287 731 371 nicarum
763 289 1023 368 tmnmorm

219 459 358 546 θηκάςέ
381 459 540 542 βασιλεύς,
562 464 618 525 καί
635 462 829 543 βουλόμενος
848 467 1052 526 καταστεῖλαι
1072 457 1109 524 τέ
1133 459 1326 545 φλεγμαῖνον

219 563 275 626 τοῦ
297 557 421 636 πάθους
435 565 497 626 ταῖν
506 564 701 646 Βυζαντίων,
725 562 929 648 ἐγγραφόντι
950 569 1084 627 ποιεῖται
1100 558 1224 636 τούτοις
1244 556 1325 623 κατά

103 713 127 742 .,
220 660 275 728 τάν
295 660 521 746 ἐπισημότερον
549 661 644 725 τόπον
658 665 717 726 τοῦ
739 663 843 747 φόρου
864 661 1246 748 ἐπαναγνωσθησόμενον,
1267 680 1327 738 με.

221 765 363 846 ταφέρον
385 760 443 836 τάς
462 764 564 836 αἰτιάς
588 765 641 826 ἐπί
660 761 717 845 τήν
739 767 955 843 πεπονθυῖαν,
978 761 1020 837 άς
1044 763 1145 845 ου’τῆς
1168 762 1223 845 τῆς
1243 765 1328 842 βου-

147 857 152 863 ’
220 865 277 944 λῆς
304 865 606 946 προκαταρξαμένης
642 862 874 945 α’νέρικάτερον
902 853 994 938 οὗτος
1028 859 1063 924 τέ
1097 861 1350 943 προβοάλευμαδ
1388 848 1389 921 l

220 961 464 1044 κατειργάσατο,
497 963 616 1044 σκῆψιν
640 961 759 1036 πάντας
789 962 843 1026 ἐπὶ
863 965 948 1050 κακῷ
967 964 1021 1046 τῆς
1050 959 1166 1027 ἐαυτοῦ
1186 962 1329 1044 κεφαλῆς
1389 956 1390 1025 l

220 1061 484 1146 προμηθούμενος
508 1060 797 1143 ψευδεπέπλαστον,
830 1061 882 1125 ἵνα
906 1067 1084 1150 περιτρέψη
1105 1057 1163 1136 τάς
1183 1061 1247 1124 τῶν
1267 1081 1329 1122 πε·
1390 1064 1391 1113 l

221 1160 385 1227 πονθὸτων
400 1159 510 1243 ψυχάς
532 1162 586 1224 καί
604 1157 640 1224 ὃν
662 1158 1030 1243 ὖπάπτενεδεαέράσειε
1051 1163 1204 1228 κίνδυνον.
1228 1157 1330 1224 ἔλαθε
1391 1172 1392 1221 l

221 1266 256 1326 dt
275 1260 331 1326 ,τόν
353 1261 472 1325 καπνόν
509 1260 700 1326 incentivos
729 1261 887 1344 εἰσβαλοέν
919 1264 965 1337 εἰς
993 1265 1029 1327 τὸ
1057 1265 1132 1346 πῦρ.
1162 1263 1241 1326 ’τοῦ
1261 1257 1329 1343 γάρ
1392 1280 1393 1317 t

222 1365 389 1428 utrroar'oo
413 1363 668 1444 α’ναπτυχξλέντος
697 1370 840 1438 πλεῖστος
862 1356 957 1446 ὄχλος
979 1366 1168 1448 ἐπέρρευσεν
1202 1363 1248 1436 εἰς
1269 1361 1368 1444 trivit

77 1482 96 1540 l.
118 1476 169 1530 too
185 1462 387 1549 v.dnpo'ootv‚
408 1467 463 1528 καί
484 1464 558 1528 odite
581 1467 732 1548 δευτέραν
745 1463 854 1550 φωνην
869 1467 926 1529 τοῦ
945 1462 1210 1547 ἀναγινώσκοντος
1231 1485 1331 1544 προε.

221 1570 318 1646 μένου
342 1558 458 1648 ἤρξατο
479 1563 513 1628 ro*
539 1568 658 1647 πλῆθος
683 1568 772 1648 δίκην
798 1553 1042 1649 ἐγριαινομένης
1062 1560 1227 1647 θαλάσσης
1247 1566 1331 1640 ἐξοι-

222 1666 365 1730 ἐοῦσθαέ
379 1687 412 1729 τε
439 1667 493 1728 καί
516 1654 581 1728 οἷον
601 1666 825 1746 κυμαίνεσθαι,
850 1670 905 1728 καί
924 1689 971 1740 τις
994 1666 1118 1748 πρῶτος
1139 1667 1202 1754 τῶν
1223 1657 1334 1727 ἄλλων
1396 1736 1397 1741 1

96 1755 137 1824 J
223 1766 408 1851 ὑβριστικὴν
439 1762 547 1850 φωνην
575 1763 684 1850 άφιεές
720 1767 776 1829 κατ’
803 1767 897 1829 λίθου
930 1764 1026 1847 βολήν
1050 1766 1192 1850 ἐπαφῆκε
1211 1761 1271 1828 σέν
1293 1766 1335 1850 τῇ

223 1870 322 1956 φωνῇ.
339 1868 452 1933 αὐτίκα
475 1858 532 1929 silv
553 1865 588 1930 τέ
609 1871 854 1951 περικεχυμένον
867 1870 989 1950 πλῆθος
1009 1867 1119 1945 ἐκεῖσε,
1139 1862 1246 1948 ὥσπερ
1270 1865 1333 1950 ὑφ’
1344 1880 1370 1930 15

223 1965 353 2054 ἡγεμόνι
374 1969 452 2053 τῷδε
476 1971 517 2054 τῷ
539 1971 697 2054 δημοτικῷ
719 1968 1007 2052 στρατηγούμενον,
1028 1967 1086 2052 την
1110 1962 1224 2047 ὅμοι’σν
1246 1968 1333 2048 γνώ-

223 2091 288 2152 μην
319 2071 373 2133 καί
402 2069 540 2150 γλῶτταν
572 2069 739 2152 ἐξέρρηξε·
781 2067 848 2131 ’καί
879 2067 958 2132 κατά
994 2073 1049 2135 τοῦ
1080 2066 1224 2150 ἐπάρχου
1246 2065 1331 2143 μετά
1400 2144 1401 2149 ¹

223 2171 302 2251 βοῆς
323 2147 379 2232 κάέ
398 2167 588 2252 ἀλαλαγμῶν
610 2165 839 2252 ἐξορμήσαντες
867 2166 897 2233 οἱ
918 2168 1078 2251 πάροντες,
1100 2167 1142 2242 ὥς
1162 2163 1249 2250 εἶχον
1268 2173 1334 2231 θυ-

225 2273 291 2352 μοῦ
310 2268 366 2333 καί
378 2263 487 2353 ὀργῆς,
527 2269 582 2333 κατ’
603 2267 660 2344 τάς
683 2273 745 2335 τῶν
772 2268 918 2354 ἐμπόρων
935 2275 1210 2354 κοταστρέψαντες
1231 2273 1336 2351 κραβ-

224 2376 356 2453 βατένας
376 2363 485 2448 ὅπλοις
507 2369 704 2454 α’γχεμάχοις
735 2374 859 2447 τούτοις
888 2368 966 2436 κατά
988 2377 1052 2437 τάν
1087 2374 1144 2453 τῆς
1164 2374 1372 2453 βασιλικῆςηη
1402 2358 1403 2365 ¹

225 2474 341 2556 μοίρας
363 2472 418 2536 καὶ
438 2475 501 2537 τῶν
518 2474 700 2553 ἐπαρχικιὸν
716 2473 958 2557 κατεχρήσαντο.
982 2474 1056 2536 ’καί
1074 2470 1207 2545 τούτους
1227 2463 1334 2556 άρδην

177 2604 179 2611 ’
226 2574 457 2655 καταβαλόντες
490 2576 545 2636 κατ’
563 2581 678 2657 φυγεῖν
710 2574 851 2655 αἰσχράς
880 2570 1112 2655 ἀναγκάσοντες
1142 2571 1180 2635 orl
1203 2574 1334 2636 διασκεὲ

226 2672 411 2759 (λάσθησοιν,
431 2665 482 2739 οἶα
502 2671 539 2738 τά
562 2675 620 2737 τοῦ
642 2678 820 2758 συμμιγοῦς
845 2672 987 2760 πλήθους
998 2673 1054 2741 κοιί
1071 2669 1248 2760 χηρεάοντα
1269 2676 1335 2756 α’ρ-
1402 2729 1403 2736 ,

196 2910 202 2927 ⁴
298 2836 341 2890 tt.
362 2834 582 2905 καταβάλλοντες
601 2834 631 2889 G.

226 2991 399 3057 recitandam,
419 3006 488 3059 quae
508 3005 601 3043 causas
622 2991 758 3043 conferret
783 2991 811 3042 in
836 3006 942 3055 οσσους
966 3000 1059 3045 senatu
1086 2994 1145 3058 ipso
1164 2997 1243 3042 antea
1258 2992 1334 3043 inci.

226 3064 328 3130 piente‚
348 3062 454 3115 virilius
475 3062 517 3115 bic
538 3062 678 3113 consilium
698 3062 824 3126 confecit,
846 3065 1043 3115 excusationem
1071 3064 1177 3114 omnino
1194 3063 1264 3114 malo
1283 3080 1333 3115 ca.

227 3136 290 3201 pitis
309 3137 350 3187 sui
370 3137 525 3201 excogitans
547 3136 643 3198 fictam,
664 3142 693 3184 ut
711 3134 833 3185 tlecteret
857 3150 958 3199 eorum,
977 3137 1021 3203 qui
1033 3135 1133 3202 aliquid
1155 3136 1226 3200 passi
1246 3145 1333 3198 erant,

227 3208 328 3258 animos
360 3213 387 3257 et
411 3207 481 3273 quod
507 3206 691 3272 suspicabatur
715 3207 846 3274 effugeret
874 3207 1031 3272 periculum.
1078 3207 1125 3257 sed
1143 3206 1244 3257 inscius
1272 3220 1334 3258 cum

204 3277 326 3329 *fumum
345 3279 443 3328 vitaret
467 3278 560 3329 incidit
584 3279 610 3326 in
635 3279 742 3343 ignem:
771 3276 862 3327 tabule
889 3278 958 3327 enim
985 3276 1094 3328 evoluta
1118 3276 1230 3343 plurime
1254 3278 1334 3344 plebs

228 3346 358 3399 confluxit
382 3348 414 3398 ad
441 3362 498 3398 eam
516 3348 685 3399 audiendam:
712 3356 739 3398 et
764 3364 822 3399 curn
849 3347 946 3399 nedum
974 3348 1083 3399 alteram
1113 3349 1217 3416 quidem
1236 3362 1334 3400 vocem

228 3420 324 3486 legens
344 3420 550 3486 pronuntiasset,
570 3420 672 3484 incepit
691 3419 830 3485 multitude
856 3421 938 3469 instar
962 3421 1108 3471 saevientis
1132 3421 1211 3471 maris
1230 3428 1334 3471 tumes.

229 3506 293 3542 cere
314 3499 340 3542 et
358 3492 433 3559 quasi
446 3489 583 3541 fluctuare.
622 3498 701 3557 atque
720 3489 817 3558 aliquis
836 3492 935 3556 primus
955 3491 1068 3542 aliorum
1087 3486 1226 3556 superbam
1246 3507 1334 3560 quen.

230 3563 288 3614 dam
309 3578 404 3614 vocem
427 3564 549 3613 emittens
577 3561 655 3611 etiarn
679 3559 775 3626 lapidis
801 3562 896 3611 iactum
926 3561 1025 3612 addidit
1048 3564 1124 3624 voci3
1144 3563 1233 3625 statim
1251 3562 1335 3630 igitur

233 3634 391 3685 circumfusa
410 3632 549 3684 multitudo
568 3632 605 3683 ibi
625 3640 748 3699 tanquam
768 3648 783 3682 a
804 3632 873 3683 duce
891 3632 943 3683 boc
962 3633 1084 3701 populari
1102 3634 1204 3684 directa
1224 3634 1336 3685 eandem

232 3706 391 3755 sententiam
418 3712 445 3755 et
473 3704 591 3771 linguam
618 3705 754 3769 prorupit,
782 3712 809 3754 et
836 3712 929 3755 contra
956 3704 1122 3771 praelectum
1150 3718 1246 3772 magno
1275 3720 1335 3756 cum

233 3774 349 3825 clamore
368 3784 395 3825 ct
411 3775 646 3827 acclamationibus
662 3774 769 3825 bellicis
787 3776 944 3827 incedentes
962 3778 1006 3843 qui
1020 3777 1138 3838 aderant,
1158 3778 1195 3827 ita
1214 3785 1242 3827 ut
1260 3784 1337 3827 erant

232 3845 313 3897 animi
339 3852 365 3894 et
382 3846 456 3908 irae,
485 3855 511 3896 et
535 3854 711 3897 mercatorum
739 3846 861 3897 delentes
883 3846 1039 3899 deversoria
1058 3849 1137 3897 armis
1156 3847 1197 3899 liis
1216 3848 1335 3898 cominus

232 3914 388 3989 adhibpndis
407 3922 500 3966 contra
518 3919 608 3983 regios
628 3926 655 3968 et
677 3917 829 3983 praefectos
857 3918 933 3970 abusi
957 3927 1036 3970 sunt:
1061 3927 1141 3985 atque
1161 3918 1209 3969 bos
1227 3920 1335 3969 omnino

231 3988 389 4040 deiicientes
405 3990 435 4037 ’et
454 3986 487 4037 ad
506 3986 659 4053 fugiendum
676 3990 790 4055 turpiter
808 3998 936 4057 cogentes
955 4005 1009 4040 non
1030 3990 1149 4055 dissipati
1169 3996 1239 4051 sunt,
1260 3989 1336 4040 velut

231 4059 312 4109 mixta
339 4057 494 4118 multitudo,
516 4057 583 4108 duco
610 4059 719 4123 orbata,
745 4060 792 4111 ted
819 4063 894 4129 quasi
919 4076 1034 4127 superne
1063 4061 1133 4111 ducti
1158 4060 1335 4112 nobilioribus

232 4128 353 4181 consiliis
380 4128 413 4180 ad
441 4129 541 4178 maiora
557 4144 587 4178 se
609 4129 792 4197 collegerunt,
819 4141 845 4182 et
870 4133 1053 4183 accessionem
1081 4146 1187 4200 quaque
1215 4130 1281 4183 bora
1302 4146 1335 4181 ex

232 4202 274 4267 its,
296 4203 341 4271 qui
361 4201 437 4269 quasi
457 4198 634 4263 confluebant,
655 4200 811 4267 capiebant:
837 4217 937 4254 summa
955 4211 1043 4253 autem
1059 4213 1121 4270 pars
1140 4203 1248 4255 consilii
1268 4210 1333 4265 emt,

367 4294 383 4319 e
