2834 4750
511 309 721 378 HISTORIA.
1090 308 1161 383 321

43 457 169 550 ἄλλος,
191 469 248 533 καί
266 464 362 550 λόγου
382 470 493 554 καιρὸν
516 476 570 535 καί
588 472 709 555 σιωπῆς
721 469 936 552 ἐπιστάμενος.
979 470 1034 539 καὶ
1054 474 1166 539 τοσοῦ-

43 590 106 629 τον
131 558 185 631 ὅτι
204 568 259 632 κατ’
280 569 417 647 δικάζων
434 571 488 635 κατ’
500 569 668 653 διάγνωσιν
689 575 860 656 ἐπιφέρων,
873 573 928 637 καί
945 579 1006 637 τών
1027 578 1167 656 α’ντικρι-

44 670 204 744 νομένων
225 670 337 753 φωνὰς
360 667 517 746 ἀτάκτους
549 672 708 756 ἀφιέντων
739 674 888 747 πολλάκις
908 673 987 755 πρὸς
1012 672 1166 755 ἀλλήλους

46 768 110 831 καὶ
138 764 331 852 πληκτικώς,
363 770 463 855 αὐτὴν
494 774 614 855 ἐκείνην
645 771 835 867 ἐτήριιιῂν
866 775 928 837 τών
959 772 1056 855 λόγων
1082 774 1165 856 ἠχὴν
1238 766 1241 776 Χ

17 868 190 951 ῦέμμελῆ
211 892 243 933 τι
266 859 320 933 κατ’
339 868 508 953 ἐμμουσον,
529 873 584 936 καί
603 874 699 955 δργῆς
718 872 805 953 ἴχνος
827 868 847 956 ἢ
870 875 947 956 βοῆς
969 876 1112 952 μείζονος
1134 874 1167 937 ἐν

50 968 153 1055 αὐτῷ
178 972 234 1032 οδκ
259 965 476 1035 ἐπολιτεύετο·
520 967 628 1055 δβρτις
651 977 686 1038 δὲ
716 977 756 1035 ου’
776 976 872 1053 μόνον
894 974 977 1038 τισὶν
1004 974 1061 1036 οδκ
1094 975 1168 1037 ἐπέ·

49 1072 174 1151 τριβεν
195 1070 276 1135 α’λλιὶ
291 1072 346 1135 καί
364 1071 438 1147 τούς
457 1071 612 1157 ὖβριοτοίς
633 1077 747 1155 ἐμίσει.
772 1066 809 1158 ἦν
828 1073 887 1159 γὰρ
911 1075 1098 1157 ἐπιτιμῆσαι
1108 1077 1179 1154 μὲν,

51 1172 178 1255 πρᾶος,
200 1174 367 1237 ἐπαινέσαι
388 1175 423 1239 δὲ
444 1172 661 1255 ποιδεντικόςτ

80 1299 84 1306 ·
169 1274 213 1335 Εἰ
232 1273 267 1335 δὲ
288 1277 342 1336 καί
363 1274 393 1340 οἱ
416 1274 469 1339 διὰ
493 1281 615 1339 πολλῶν
636 1279 697 1339 τών
717 1278 869 1341 ἐνιαυτοῖν
890 1274 992 1364 τούτῳ
1015 1279 1170 1360 ἐξυπηρε-

7 1391 43 1445 10
52 1370 241 1456 τησώμονοι
263 1374 340 1455 πρὸς
362 1374 398 1438 τὸ
422 1369 500 1459 ἦδος
522 1378 622 1440 ου’τοῦ
639 1381 699 1442 ,κατ’
721 1374 777 1460 τήν
802 1376 1038 1459 καλοκαγαθίαν
1055 1399 1171 1458 μετορ-

54 1468 235 1556 ρώθμισαν
257 1473 315 1550 τοὶς
334 1476 461 1559 γνώμας
485 1473 590 1541 edredo
612 1477 667 1541 καί
685 1479 932 1558 πεπαιδευμένοι
956 1475 1034 1541 κατὰ
1055 1478 1300 1545 reond-lawr.

54 1597 116 1637 τον
140 1573 301 1657 γεγόνασι,
321 1574 419 1660 χάρις
441 1574 565 1641 πάντων
586 1581 630 1665 τῷ
643 1583 775 1659 βασιλεῖ
792 1580 835 1664 τῷ
856 1574 954 1651 οὕτως
976 1577 1091 1654 αὐτοὺς
1112 1605 1172 1642 κα-
1250 1594 1255 1601 ’

54 1675 263 1757 ταρτίοαντι.
307 1681 361 1740 καί
375 1675 435 1761 γὰρ
457 1675 486 1741 οἱ
508 1674 624 1741 τούτου
642 1678 828 1743 οἰκειότατοι
844 1666 1084 1762 κατ’ἐγγτίτυτοι,
1102 1674 1171 1745 ὅσοι

55 1775 124 1855 μὲν
145 1774 260 1854 γνώσει
281 1780 335 1841 κατ’
356 1774 436 1866 λόγῳ
457 1778 520 1841 τών
542 1769 646 1843 ἄλλων
669 1781 844 1865 διέφερον,
873 1779 1016 1864 α’τυφιάν
1044 1780 1171 1845 ἐπεδεδ-

8 1886 47 1946 15
58 1895 192 1956 κννντο,
202 1875 258 1938 κατ’
279 1877 453 1961 δημοτικὴν
474 1874 555 1961 πρὸς
578 1879 697 1954 πάντας
718 1877 943 1962 ἀναστροφήν,
975 1882 1029 1941 καί
1049 1881 1171 1957 α’λαζο-

58 1973 156 2048 νείας
178 1971 323 2059 ἐπῆρχον
350 1978 590 2063 dedinent-,api
609 1978 718 2066 γνώμῃ
747 1978 792 2060 μή
822 1975 1042 2061 ἐπαιρόμενοι·
1086 1974 1179 2063 δσοιςἱ

59 2080 99 2139 δὲ
127 2074 208 2158 πρὸς
230 2076 263 2140 ro*
285 2073 590 2161 στρατιωτικώτερον
611 2078 630 2161 ἡ
653 2078 790 2161 διαγωγὴ
811 2082 1038 2161 ἐπεπαίδευτο,
1061 2074 1173 2163 ῥωμα-

59 2175 222 2240 λεώτατοι
242 2180 300 2258 μὲν
319 2174 401 2241 κατὰ
431 2188 543 2261 χεῖρας
565 2175 759 2261 ἐτύγχανον,
792 2179 825 2243 τδ
848 2182 883 2243 δὲ
915 2173 995 2262 ἦθος
1025 2182 1064 2242 οδ
1093 2178 1172 2246 κστώ

59 2278 267 2361 στρατιώτας
292 2274 378 2361 εἶχον
401 2277 538 2361 σκληρὸν
567 2282 623 2344 καί
643 2279 840 2365 dertonam,
872 2281 943 2343 ἄλλ’
975 2272 1090 2365 ἥμερον
1122 2280 1178 2345 κατ’

13 2376 267 2464 λῠετέπρόσιτον.
311 2384 421 2454 κοινώς
451 2383 486 2444 δὲ
511 2384 624 2465 πάντες
651 2391 723 2457 ταῖς·
742 2382 934 2466 εδεργεοιάις
956 2386 1019 2446 τών
1045 2383 1177 2463 α’νθρώ-

63 2505 138 2544 πων
162 2478 465 2567 ἐτιευφραινδμινοι,Ι
487 2481 640 2546 ου’δέποτε
662 2480 872 2564 τὸνβασιλέα
896 2487 957 2547 τών
987 2482 1175 2566 εὐεργεσιῶν

66 2581 257 2661 α’τιέχεσδαι
278 2584 543 2664 συνεβούλευσαν,
565 2583 647 2646 α’λλοὶ
660 2583 728 2668 ,καί
747 2589 867 2665 μᾶλλον
892 2582 984 2647 αὐτοὶ
1001 2585 1176 2663 μεσιτεέυις

42 2671 45 2676 ’
66 2688 232 2765 χρησταῖς
249 2681 304 2744 καί
326 2679 465 2759 ἐπαίνοις
486 2687 541 2748 καί
561 2690 625 2758 τοῖς
658 2675 767 2761 ἅλλοις
795 2685 969 2769 ἐπαγωγοῖς
997 2680 1077 2770 πρὸς
1103 2681 1176 2765 μεέ-

70 2976 107 3032 sti
128 2991 241 3041 amaus,
268 2984 294 3028 et
312 2974 465 3031 mitissimus
494 2978 517 3030 si
539 2980 597 3047 quis
616 2976 685 3032 alius
704 2987 731 3030 et
749 2978 875 3047 loquendi
907 2987 1011 3048 tempus
1032 2987 1059 3031 et
1076 2975 1179 3032 silentii

71 3051 181 3102 sciens:
210 3055 290 3117 atque
313 3057 429 3115 tantum,
455 3056 484 3100 ut
510 3052 630 3102 iudicans
651 3058 678 3102 et
695 3051 860 3102 decisionem
885 3050 1000 3102 allereus
1019 3058 1099 3118 atque
1119 3066 1179 3102 cum

70 3121 223 3173 adversarii
252 3134 333 3172 voces
359 3120 525 3187 perturbatas
552 3124 703 3173 emitterent
732 3134 813 3187 saepe
839 3123 908 3174 iuter
933 3137 963 3174 se
989 3129 1016 3172 et
1040 3121 1179 3174 iracundas

71 3193 163 3259 ipsum
182 3191 257 3244 illum
277 3193 435 3245 observaret
453 3208 604 3244 sermonum
624 3207 718 3245 sonum
740 3194 899 3244 concinnum
920 3201 946 3244 et
964 3207 1108 3256 canorum,
1126 3207 1180 3243 ue.

72 3279 130 3331 qne
148 3264 204 3315 irae
224 3265 368 3332 vestigium
388 3264 434 3315 vel
453 3263 576 3315 clamoris
594 3266 703 3316 maioris
724 3266 751 3315 iu
773 3279 805 3315 eo
824 3272 965 3333 ageretur:
985 3261 1109 3332 superbia
1128 3279 1180 3315 au.

71 3342 130 3386 tem
147 3349 203 3386 non
234 3335 320 3387 solum
348 3337 480 3388 neminem
507 3336 650 3400 alliciebat,
680 3337 726 3388 sed
748 3338 826 3387 etiam
844 3336 974 3403 superbos
995 3336 1102 3387 oderat:
1123 3340 1181 3386 erut

74 3407 196 3465 enimin
214 3409 392 3474 vituperando
411 3407 481 3459 mitis
505 3415 533 3468 et
560 3409 588 3456 in
608 3407 739 3460 laudando
767 3409 895 3468 excitans.

149 3477 249 3541 Quodsi
261 3480 346 3530 etiam
357 3479 401 3547 qui
414 3479 572 3547 permultos
586 3493 669 3531 annos
681 3479 744 3529 huie
761 3481 921 3542 servierant,
934 3479 967 3530 ad
983 3479 1040 3529 eins
1056 3491 1144 3529 mores
1155 3484 1181 3528 et

72 3549 204 3599 virtutem
215 3558 385 3602 mutaverunt
397 3565 457 3602 suus
468 3552 614 3602 sententias
633 3558 659 3601 et
670 3551 773 3602 edueati
787 3552 853 3602 adeo
871 3559 946 3613 suut,
963 3550 1049 3618 gratia
1065 3549 1182 3600 omnium

72 3620 145 3686 regi,
157 3621 203 3687 qui
221 3622 259 3671 itu
274 3637 320 3673 eos
337 3621 532 3672 efformarent.
552 3623 650 3672 etenim
666 3623 712 3690 qui
728 3621 790 3672 hiric
805 3621 1005 3673 familiarissimi
1023 3627 1050 3672 et
1067 3619 1183 3688 proximi

74 3698 163 3754 eraut,
182 3699 312 3759 quotquot
334 3693 516 3760 intelligentia
537 3700 564 3743 et
579 3693 685 3743 ratione
702 3695 800 3745 ceteris
824 3691 1008 3757 excellebant,
1026 3691 1182 3742 modestiam

74 3761 253 3813 ostendebant
278 3771 305 3814 et
330 3764 486 3830 popularem
512 3779 569 3815 eum
599 3762 720 3815 omnibus
749 3764 978 3827 consuetudinem,
999 3771 1030 3816 et
1054 3761 1182 3813 iaetantia

76 3840 153 3884 eruut
169 3835 333 3900 superiores,
351 3835 484 3886 sententio
498 3850 551 3886 uon
570 3835 648 3886 eluti:
660 3837 756 3903 quihus
776 3835 861 3886 autem
876 3836 908 3886 ad
921 3834 1042 3885 militiam
1063 3832 1182 3885 conditio

77 3903 190 3956 educata
210 3914 275 3969 erut,
295 3905 454 3963 validissimi
481 3906 586 3973 quidem
606 3907 727 3958 manibus
749 3915 837 3969 erant,
867 3919 955 3956 mores
974 3912 1061 3955 autem
1080 3919 1134 3964 non
1152 3909 1183 3954 ut

76 3973 178 4027 milites
196 3976 330 4029 habebant
348 3977 428 4028 duros
448 3983 475 4026 et
493 3976 575 4039 leros,
596 3977 643 4029 sed
661 3985 813 4030 mansuetos
833 3984 859 4026 et
878 3991 986 4028 comes:
1007 3976 1182 4027 communiter

78 4053 167 4096 autem
193 4062 285 4099 omnes
304 4048 443 4099 beneflciis
463 4047 597 4099 homiuum
623 4046 751 4100 delectati
780 4063 913 4115 uunquam
933 4062 1024 4114 regem
1043 4047 1181 4098 beueiieiis

79 4115 215 4170 abstinere
232 4119 405 4184 studuerunt,
430 4119 476 4170 sed
496 4121 575 4170 etiam
595 4120 680 4187 magis
706 4120 758 4186 ipsi
776 4119 905 4170 modestia
924 4118 995 4170 bona
1013 4126 1040 4170 et
1057 4118 1180 4170 laudibus

70 4192 108 4237 et
127 4192 225 4241 ceteris
243 4189 468 4243 oblectationibus
487 4190 521 4242 ud
537 4190 637 4263 maiora
656 4190 788 4243 beneficia
809 4205 901 4258 regem
918 4189 1095 4258 precabantur
1114 4202 1180 4258 pru-

157 4285 239 4339 rtet.
260 4286 342 4340 auat.
362 4288 428 4341 itur.
963 4287 998 4342 21
