2834 4750
646 202 649 227 i

437 321 439 326 ·
511 290 720 374 macoma.
915 312 920 318 ·
1095 274 1168 351 did

53 443 76 533 ἢ
112 450 173 516 κατ’
206 437 522 535 προσεπιμόννυσθαι
546 458 612 525 τοῖς
638 442 720 515 odem
751 450 924 531 dompetram
958 446 1170 528 α’σνμπαθοός.
1231 470 1237 477 ·

54 544 169 634 ὄρεξις
204 554 269 637 γάρ
299 554 382 618 έστιν
413 545 647 635 α’ντιλνπνίσεως
670 550 687 611 ό
712 545 832 628 θυμός
877 544 895 630 ἦ
919 549 954 611 δὲ
984 540 1084 630 όρεξις
1113 548 1172 611 dos

56 656 195 735 σχεροός
218 657 255 717 έκ
278 656 337 717 τοῦ
358 655 531 737 προχείρου
556 631 825 729 κατακοέμιζεται.
871 647 924 713 ded
947 647 1036 713 τοῦτο
1061 648 1115 713 κατ’
1130 650 1174 736 spi
1242 677 1245 682 ¹

55 754 116 836 τῆς
139 752 245 839 όρμῆς
268 749 394 841 οόκρότιρ
416 750 694 835 χαλιναγωγιάνό
727 749 829 835 σοφός
855 744 1062 833 ου’τοκρότονρ
1086 747 1173 813 τόνόε

28 850 120 926 5τόν
141 854 252 935 ,νόμον
275 858 461 937 τιθέμενος,
484 854 543 935 τήν
566 856 621 935 τῆς
640 848 797 936 τιμωρίας
820 850 988 931 α’νεβόλετο
1021 846 1174 931 έκβαστν,

58 951 124 1028 ἕως
150 946 195 1017 όν
218 953 237 1016 ό
260 952 365 1033 θυμός
390 956 433 1038 τῷ
465 953 670 1034 βασιλεύοντι
697 954 865 1038 πεπανθῇ,
898 951 1174 1034 τριακονθημέρσυ

57 1059 302 1135 προβαίνοντος
324 1052 557 1135 διαστήματος·
601 1052 845 1138 torismundus,
866 1054 897 1117 εἰ
909 1055 967 1132 μὲν
988 1047 1073 1141 ἔλεος
1090 1051 1177 1139 stirpi

57 1147 82 1237 ἢ
103 1154 293 1234 μετάμελος
312 1154 439 1241 εἰσέλθῃ
463 1157 520 1217 τοῦ
538 1151 596 1236 τὴν
618 1151 793 1238 asportando
814 1155 985 1233 δεξαμένου
1009 1151 1174 1235 α’πόφασιν

57 1248 150 1319 εἶναι
172 1256 271 1318 τοῦτο
293 1256 373 1317 θεοό
406 1252 460 1317 καί
484 1252 590 1332 μένειν
618 1252 670 1318 τόν
693 1245 863 1336 ἄνθρωπον
887 1253 1012 1335 οἶθιμῆ,
1043 1249 1120 1325 ἴσως
1141 1252 1202 1317 ddi.
1217 1261 1268 1318 283
1282 1278 1306 1316 r.

13 1375 49 1429 10
59 1357 121 1419 aad
145 1351 264 1419 α’θιόόν
290 1358 388 1417 ποθεν
408 1354 652 1436 εὑρισκόμενον·
685 1358 716 1418 εἰ
740 1356 768 1417 d'
791 1348 860 1434 σόν,
876 1352 946 1418 τότε
968 1359 1176 1436 πεπληροφο·

59 1461 212 1539 ρημένον
233 1450 315 1521 εἶναι
336 1453 370 1518 τό
394 1461 545 1537 πρᾶγμα,
578 1455 621 1531 uic
640 1453 711 1521 έπεί
730 1479 787 1537 περ
812 1449 904 1519 ου’όέν
927 1481 957 1519 τι
984 1449 1178 1517 -κατεόυσοό-
1202 1502 1205 1507 1

61 1580 169 1642 πησεν
194 1555 213 1618 ό
234 1553 351 1639 χρόνος
374 1553 426 1619 τόν
448 1554 624 1641 ἀνάκτορα,
646 1560 700 1621 καί
726 1562 765 1621 θε

60 1658 331 1741 συμψηφέζεται.
377 1658 407 1721 εἰ
427 1655 488 1741 γὰρ
512 1659 545 1721 έν
577 1660 620 1744 τῷ
641 1656 837 1743 παφλόζοντι
858 1660 913 1739 τῆς
938 1654 1033 1739 όρμῆς
1056 1656 1178 1734 δέξεται

60 1764 127 1839 μὲν
153 1751 328 1840 ἅνθρωπος
351 1760 575 1842 θανατηφόρον
597 1755 718 1842 πληγήν
743 1750 763 1839 ἢ
783 1754 893 1839 χειρός
915 1752 1051 1839 έκτομῆν
1073 1748 1095 1839 ἢ
1117 1754 1179 1839 όφ-

17 1862 209 1938 15θαλμοόν
232 1857 382 1942 έκκοπήν,
414 1859 539 1932 οἷνεθεός
571 1862 605 1923 dt
630 1862 682 1941 τῆς
714 1852 975 1941 σ’ρμῆςόστερον
1006 1854 1022 1917 ό
1056 1855 1180 1939 κρατῶν
1262 1888 1264 1893 s

59 1957 252 2041 μετέμελεν
270 1962 378 2042 ἕληται
407 1958 462 2021 κατ’
481 1959 539 2042 τὴν
561 1959 726 2043 α’πόφασιν
747 1959 1005 2021 ἀνακαλέσασθαι
1025 1956 1182 2041 βουληθῇ,

63 2065 114 2137 τι’ς
140 2059 161 2142 ἦ
187 2061 242 2123 τοῦ
271 2061 450 2139 μεταμέλου
479 2059 637 2143 optasse,-
668 2064 747 2133 τινες
770 2060 797 2122 d·
822 2056 961 2138 έριννόες
988 2056 1183 2139 μεταμελητό

63 2164 125 2226 νἰαἰ
160 2158 217 2225 τόν
239 2158 396 2241 κολαστήν
427 2160 485 2224 οόκ
508 2157 676 2239 έλόσουσις
706 2160 782 2223 ποιόἰ
807 2161 843 2221 δέ
874 2159 928 2222 καί
952 2156 1005 2222 τόν
1036 2154 1181 2221 παθόντα

68 2262 160 2345 λέπη
185 2263 225 2325 ου’
245 2263 441 2341 διαδέξεται,
476 2255 524 2326 ότι
546 2259 623 2343 πρός
651 2259 707 2345 τήν
737 2258 908 2343 α’νόκλησιυ
931 2258 1183 2344 όπερρόπιστοι;

22 2368 181 2445 poradta
213 2356 316 2442 οόνό
353 2360 506 2444 βασιλεός
535 2362 784 2448 μεγαλοφρόνως
819 2360 1101 2444 κατασκεψόμενος
1131 2361 1185 2426 κατ’

70 2463 265 2550 προσθήκην
300 2463 385 2530 ι’όιάν
414 2466 454 2548 τῇ
478 2466 576 2552 νεαρᾴ
596 2463 694 2550 ταύτῃ
718 2463 997 2548 προοανεμόξατο,
1028 2460 1184 2538 συντάξας

71 2569 107 2630 έν
131 2565 219 2651 αὐτῇ
241 2567 293 2629 ἵνα
321 2562 403 2647 μετό
434 2564 490 2647 τὴν
523 2567 795 2650 τριακονθήμερον
818 2555 1096 2647 όπομιμνὴσκηται
1116 2559 1182 2624 πό·

71 2673 125 2731 λιν
149 2666 166 2733 ό
189 2667 355 2748 βασιλεύς,
375 2664 431 2732 καί
446 2660 530 2732 νότον
554 2664 589 2734 τό
605 2670 704 2750 πέρας
725 2667 917 2750 α’ποτελῆτοι
939 2660 1184 2750 ἢσυμχτόρῆται
1218 2715 1221 2721 ,

73 2750 362 2850 τῆςοῖποφόσεοος.
491 2807 496 2814 -
1036 2799 1062 2858 .'
1093 2785 1097 2794 ·

153 2904 198 2957 23.
218 2904 398 2958 ἀποτελεῖται
418 2900 435 2968 ἢ
456 2904 684 2976 concertasti).

77 3051 180 3118 cupido
201 3050 269 3101 enim
291 3058 331 3103 est
346 3050 457 3103 ultionis
475 3052 528 3104 irar
549 3053 644 3120 cupido
665 3059 751 3104 autem
767 3067 849 3120 aegre
868 3054 895 3103 in
910 3059 1014 3118 promtu
1034 3053 1185 3124 exstingui..

78 3132 141 3174 tur:
165 3129 309 3189 propterea
337 3123 417 3174 etiam
441 3123 498 3174 irae
524 3125 663 3191 impotenti
689 3123 793 3176 frenum
819 3125 926 3190 sapiens
954 3125 1098 3191 imperator
1117 3123 1185 3174 hauc

78 3194 172 3262 legem
197 3194 336 3260 imponens
363 3209 468 3262 poenae
486 3196 589 3248 distulit
616 3196 733 3260 exitum,
760 3197 846 3248 donec
874 3197 913 3248 ira
942 3196 1001 3264 regi
1019 3195 1185 3263 mitigaretur

78 3267 193 3334 triginta
219 3266 321 3318 dierum
348 3267 537 3335 progrediente
562 3269 664 3334 spatio:
691 3276 772 3337 atque
800 3275 854 3319 tum
873 3269 896 3319 si
922 3267 1105 3318 misericordia
1127 3281 1210 3331 eum,

80 3337 128 3388 vel
147 3337 314 3404 poenitentia
331 3338 439 3390 invadat
465 3339 523 3390 eins
552 3341 597 3407 qni
617 3339 732 3406 capitale
751 3341 870 3406 suscepit
888 3339 1024 3403 iudicium,
1055 3349 1115 3390 esse
1133 3336 1185 3388 ho'e

80 3409 127 3460 dei
148 3416 174 3459 et
194 3424 302 3460 manere
321 3408 454 3461 hominem
474 3411 617 3474 intactum,
644 3411 758 3464 fortasse
779 3413 857 3463 etiam
876 3413 1010 3463 insontem
1029 3410 1184 3461 inventum:

80 3481 125 3532 sin
149 3478 244 3544 aliter,
277 3488 331 3531 tum
358 3489 439 3534 ratam
467 3497 527 3534 esse
543 3498 618 3546 rem„
639 3484 716 3550 quia,
741 3483 788 3535 ubi
814 3483 882 3536 nihil
901 3482 1073 3534 dubitationis
1092 3480 1186 3533 iniecit

80 3552 189 3616 tempus
217 3550 388 3616 imperatori,
407 3554 493 3604 etiam
520 3555 585 3606 deus
611 3554 682 3604 maio
710 3555 767 3608 eius
792 3556 945 3608 assentitur.
994 3555 1091 3606 etenim
1116 3553 1139 3603 si
1158 3553 1186 3602 in

81 3621 215 3689 flagrante
232 3621 271 3673 ira
289 3623 405 3697 accipiet
424 3622 502 3675 homo
519 3626 685 3677 mortiferum
696 3628 787 3693 ictum,
807 3629 866 3680 sire
884 3641 975 3680 manus
994 3625 1186 3678 abscissionem

81 3695 145 3745 sive
163 3690 302 3755 oculorum
323 3694 471 3760 excidium,
490 3696 619 3750 liberatus
644 3705 732 3749 autem
750 3700 790 3750 ira
814 3706 907 3766 postea
924 3701 1069 3766 imperator
1087 3695 1185 3764 poeni.

82 3765 193 3816 tentiam
213 3763 348 3829 concipiat
362 3773 388 3816 et
405 3771 563 3820 sententiam
582 3779 726 3822 retractare
743 3771 824 3822 velit:
843 3786 911 3838 quae
936 3773 986 3823 erit
1003 3768 1185 3837 poenitentiae

82 3831 210 3887 utilitas?
247 3849 315 3903 quae
335 3836 420 3887 iuriae
441 3855 474 3890 ex
496 3842 663 3907 poenitentia
688 3844 766 3893 etiam
793 3844 979 3910 castigatorem
1002 3855 1056 3892 nou
1084 3837 1186 3908 agent?

85 3907 173 3976 qualis
194 3906 273 3958 etiam
291 3906 418 3973 aidictum
437 3913 576 3978 aegritudo
603 3928 657 3965 non
678 3915 812 3980 excipiet,
843 3915 912 3982 quod
938 3915 970 3966 de
994 3915 1185 3966 retractatione

86 3986 127 4030 est
146 3977 293 4032 deiectus?
311 3980 379 4031 haec
397 3982 480 4048 igitur
498 4000 547 4036 rex
559 3987 727 4052 magnanime
747 3986 898 4039 deliberans
920 3987 999 4038 etiam
1017 3988 1185 4040 additamen-

84 4055 139 4101 tum
158 4054 295 4119 proprium
313 4053 441 4106 novellae
460 4055 522 4109 huic
543 4058 692 4124 adspersit,
712 4061 876 4111 constituens
893 4059 921 4110 in
944 4064 1036 4124 eo,‘ut
1054 4069 1115 4128 post
1133 4065 1185 4114 tri.

86 4122 163 4247 pinpo
181 4124 237 4252 pies
256 4127 429 4181 admoneatur
447 4125 537 4182 rursus
556 4145 604 4181 rex
624 4138 650 4182 et
668 4133 704 4182 ita
722 4131 782 4186 finis
801 4131 954 4199 perficiatur
972 4139 1017 4184 sut
1036 4136 1185 4190 remittatur

103 4207 136 4249 en
149 4209 181 4249 cn
194 4211 245 4250 rue.
