2834 4750
452 299 454 305 ,
522 236 737 310 bistonii.
1045 242 1051 246 ’
1111 231 1181 322 Sil

41 397 107 460 λον
131 396 181 482 τῇ
206 396 346 487 ολρρήτρι
367 401 455 485 puppi
477 398 530 465 καί
552 394 1026 480 όκτινόξειεροσαρασσόμενον,
1051 395 1186 483 τήνρἦ-

43 500 101 574 ξιν
123 498 259 575 βιαίαν
283 500 339 564 καί
359 492 522 579 ἀπότομον
543 494 696 580 ἐμποιεῖν.
741 493 897 579 τοσαύτην
920 499 945 562 δ’·
968 490 1051 564 εἶναι
1074 499 1116 586 τῷ
1132 519 1186 562 κε-

44 600 191 685 ραυνίῳ
219 596 304 680 πυρί
322 596 379 681 τόν
401 599 540 682 φυσικήν
562 623 645 682 φασι
667 600 893 681 λεπτομέρειαν
914 594 957 675 σός
979 601 1061 683 μηδὲ
1085 597 1187 666 δόνα-

44 699 141 761 σδαι
168 697 419 778 τιαταβλάπτειν
440 698 476 761 τό
498 698 601 779 μανόν
623 692 645 781 ἢ
664 696 867 782 ὁπωσδήποτε
891 689 948 765 σόν
973 700 1093 781 πόρους
1111 697 1185 782 ἔχον
1218 768 1221 771 ,

14 797 158 877 borium
185 789 214 879 ἢ
237 801 391 881 βραχείας
418 800 518 880 όπάς,
548 795 641 865 όποϊά
665 802 729 866 τίσι
761 801 799 865 τά
828 822 864 865 τε
895 802 958 865 ταῖν
986 794 1184 884 όφασμάταν
1305 785 1310 795 “

45 898 171 963 πέπλοι
195 897 259 964 καί
281 890 342 964 όσα
368 902 515 968 τοιαῦτα·
557 904 613 965 καί
630 904 779 965 τοσοῦτον
803 894 871 982 ότι,
894 893 953 966 κάν
972 898 1055 985 τόχῃ
1078 900 1184 975 λινοῦς

48 996 259 1077 α’πόδεσμος
282 993 304 1079 ἢ
329 996 525 1081 βαμβόκινος
555 994 576 1083 ἢ
603 994 714 1085 ἑτέρας
744 993 820 1083 όλης
850 1000 1069 1084 ε’ξυφασμόνον
1103 993 1184 1080 τρά-

49 1100 187 1163 σπεδσν
214 1096 397 1180 ἀπόδεσμον
428 1096 500 1181 ἔχον
530 1104 693 1185 χρυσίου,
728 1102 849 1187 ἐμπέσῃ
888 1100 923 1162 δὲ
954 1097 1107 1182 κεραυνός
1138 1100 1311 1174 sictone

50 1195 164 1277 αότό,
209 1194 244 1268 τό
275 1199 333 1278 μὲν
363 1208 498 1283 χρυσίον
534 1203 661 1267 ἄλλοισί
687 1199 741 1265 καί
770 1200 813 1275 τός
853 1203 886 1264 όν
917 1202 1036 1286 χωνείρι
1069 1194 1183 1284 φλογός

10 1298 117 1372 rotun
149 1300 266 1379 βῶλον
302 1307 402 1381 ποιεῖ,
435 1298 469 1365 τό
508 1304 544 1367 δὲ
577 1303 636 1367 τοῦ
666 1296 858 1386 ὑφάσματος
889 1293 1052 1380 σωμάτιον
1083 1295 1185 1379 όβλα·

51 1402 116 1481 βὲς
141 1400 390 1481 καταλιμπάνει.
435 1400 490 1466 ναί
509 1402 564 1488 ε’πί
582 1406 639 1469 τοῦ
661 1396 834 1485 α’νθροόπου
857 1402 892 1465 δὲ
915 1399 1084 1475 τόσοιάτιος·
1128 1394 1183 1462 διά

55 1500 127 1587 γάρ
155 1505 229 1567 ταῖν
248 1500 376 1585 όδὴλαν
397 1502 505 1584 πόρων
522 1506 580 1569 rori
600 1503 749 1584 στόματος
769 1502 872 1566 αότοῦ
892 1498 1117 1583 εἰσερχόμενον
1144 1493 1183 1567 τό

53 1605 126 1683 μὲν
152 1598 250 1667 ἔνδον
271 1601 369 1667 αὐτοῦ
393 1598 436 1677 άς
457 1603 636 1686 όλικάτερα
660 1602 716 1667 καί
738 1600 855 1685 πόρους
878 1598 927 1687 μόΙ
946 1598 1061 1682 ἔχοντα
1084 1623 1200 1674 σταται,

57 1707 215 1784 νέμεται.
262 1702 296 1768 τό
321 1701 350 1768 δ’
371 1700 490 1780 ἔξωθεν
507 1706 601 1784 σῶμα
624 1702 772 1780 πολλάκις
788 1701 826 1767 ori
842 1704 1041 1786 κατοφλόγει,
1063 1694 1185 1765 suisi-

11 1810 220 1889 15ρίσιιεται
245 1805 366 1889 ιοόφον
390 1808 453 1868 τῶν
470 1806 652 1878 ,ε’ντοσδιλυι
680 1803 869 1885 σπλάγχνων
901 1803 1048 1877 καθάπαξ
1079 1800 1204 1866 istrii-⁸

60 1928 182 1985 μενον.
231 1901 261 1967 οἱ
283 1906 320 1969 δε
342 1906 467 1970 ιδιιόται
487 1908 636 2022 pipinius
658 1900 786 1987 ἑρπετόν
811 1904 1025 1983 δρακοντόδες
1055 1902 1186 1966 αντόλε-

60 2029 124 2087 γον
147 2003 213 2088 τὴν
246 2006 354 2098 αιτίαν
377 2008 439 2070 τάν
460 2001 610 2071 τοιοότων
637 2006 775 2085 εἰσάγειν
798 2004 934 2081 παθῶν,
966 1997 1186 2084 ἁρπαζόμενον

63 2106 130 2187 μὲν
156 2100 223 2170 rino*
249 2101 389 2188 αόράτου
412 2103 495 2180 τινός
518 2102 701 2185 δυνάμεως,
722 2084 810 2181 όνυξι
834 2103 869 2166 δὲ
898 2125 950 2166 και
946 2100 1106 2182 δυνάμει
1130 2104 1185 2185 τῆς

64 2209 102 2269 όν
122 2205 218 2291 αὐτῷ
240 2207 436 2290 τραχύτητος
457 2206 512 2271 καί
533 2207 592 2271 τάν
612 2198 750 2288 ελιγμάν
777 2200 815 2268 τά
840 2202 1063 2288 προστυχόντα
1088 2203 1184 2284 διορ

12 2305 244 2392 ,2ορηγνόειν,
267 2300 347 2370 iinon
372 2306 494 2391 δηλαδὴ
515 2300 675 2397 τόχῃτάς
708 2306 916 2380 όντιπτιόσεις
946 2306 999 2368 καί
1027 2302 1184 2371 άντισιιά·

67 2431 142 2482 σεις
169 2407 272 2478 αόίοό
294 2410 513 2492 προσερείδειν
536 2413 592 2472 καί
614 2408 810 2491 ἀντιβαίνειν
832 2415 895 2480 τοῖς
917 2403 1054 2470 ἕλκουσι.

181 2506 252 2574 Καὶ
273 2504 308 2570 τό
329 2511 391 2590 μὲν
412 2505 447 2574 ἐκ
468 2511 527 2574 τοῦ
552 2510 645 2592 α’ίρσς
667 2510 782 2590 δεῖγμα
803 2509 944 2593 τοιοῦτον
969 2505 1024 2570 καί
1036 2507 1183 2575 τοσοῦτον

68 2617 139 2684 τοῖς
173 2608 429 2695 φιλοπράγμοσιν
457 2610 618 2690 όμπσισόν.
662 2606 678 2670 ό
710 2611 745 2671 δὲ
765 2605 919 2691 βασιλεός
940 2607 1001 2673 τεόν
1023 2607 1184 2690 προτέραν

153 2768 197 2821 16.
207 2763 404 2891 Ιἑρττεστόνῢ
477 2771 520 2823 23.
538 2775 600 2837 post
617 2770 756 2842 ἐμποιοῦν
782 2769 858 2822 deest
881 2768 1040 2842 δισταγμόν
1057 2766 1103 2823 vel
1123 2764 1186 2836 quii

151 2840 214 2892 sirm
228 2855 251 2892 e.

76 2987 226 3042 fracturam
251 2985 396 3039 violentem
423 2995 450 3039 et
468 2989 642 3056 praecipitem
662 2987 795 3040 excitare.
824 2993 922 3040 tantum
941 2992 1029 3039 sutem
1049 2999 1109 3040 osse
1127 2985 1185 3040 iul-

75 3062 172 3112 mineo
192 3059 249 3142 igni
268 3058 416 3111 naturalem
434 3061 606 3124 tenuitatem,
626 3068 655 3111 ut
673 3073 727 3111 non
752 3059 837 3126 possit
860 3058 954 3111 dumno
973 3057 1083 3109 allicere
1103 3063 1185 3111 tenue

77 3130 127 3184 vel
148 3130 338 3200 quovismodo
371 3138 473 3183 mestus
500 3130 600 3184 habens
625 3146 722 3198 eorpus
751 3129 796 3181 vel
815 3129 909 3181 brevis
934 3128 1072 3192 foramina,
1092 3126 1185 3195 quales

78 3210 145 3255 sunt
164 3208 295 3254 textorum
315 3211 405 3256 vestes
422 3211 449 3254 et
461 3202 541 3254 telio:
560 3212 640 3272 utque
659 3204 712 3266 ite,
732 3202 802 3253 uisi
823 3208 863 3252 est
884 3216 917 3252 ex
936 3199 1013 3250 lino
1011 3199 1186 3267 ligamentum

79 3273 128 3325 vel
145 3272 334 3339 bombycinum
363 3274 408 3326 vel
429 3289 462 3326 ex
481 3273 534 3326 ulia
557 3274 667 3326 materie
692 3280 765 3324 texta
783 3273 874 3325 instita
892 3272 1065 3340 ligamentum
1083 3268 1185 3326 uehens

81 3359 203 3407 aureum,
225 3353 251 3396 et
268 3346 363 3398 incidit
381 3345 510 3399 lulmen'
502 3362 531 3397 ιιι
549 3345 626 3411 illuri,
645 3360 738 3398 nurum
759 3352 874 3397 mutetur
894 3352 921 3396 et
939 3350 1066 3425 tunquam
1082 3339 1185 3396 contu-

81 3426 143 3469 tura
164 3416 283 3468 llummue
304 3433 385 3469 unum
409 3418 519 3486 globum
535 3383 686 3485 componat,
705 3425 806 3468 textum
836 3425 923 3468 nutem
943 3429 1040 3482 corpus
1059 3413 1186 3465 intectum

80 3488 237 3554 relinquat.
255 3495 335 3555 utque
353 3490 381 3540 in
402 3489 509 3541 bomine
528 3491 601 3541 item.
639 3488 830 3557 perobscuros
857 3489 925 3538 enim
944 3493 1046 3538 mentun
1065 3483 1186 3551 eorporis

81 3562 251 3626 ingressum,
277 3559 420 3611 interiores
446 3562 504 3612 eius
523 3569 626 3629 partes,
655 3568 684 3614 ut
701 3561 786 3628 magis
814 3573 957 3627 corporeas
976 3571 1064 3625 neque
1084 3563 1186 3612 mestus

82 3629 225 3691 hebentes,
244 3629 377 3695 deposcit,
406 3639 543 3684 externum
569 3641 657 3684 nutem
684 3646 782 3698 corpus
810 3647 891 3699 suepe
918 3645 973 3682 non
992 3629 1140 3692 comburit;
1159 3633 1188 3680 ot

83 3699 222 3753 invenitur
241 3699 320 3750 inune
345 3701 479 3753 intestinis
498 3703 586 3754 subito
605 3703 738 3756 relictum.
789 3702 905 3769 imperiti
924 3708 1012 3753 autem
1032 3707 1126 3751 contro
1142 3698 1186 3755 di.

86 3771 183 3824 cebant
200 3770 341 3821 maximum
360 3787 478 3825 vermem
500 3774 622 3826 droconis
641 3775 724 3828 instsr
744 3789 847 3827 causum
868 3773 960 3825 tullum
978 3771 1079 3824 inferre
1098 3767 1186 3822 mulo.
1205 3800 1210 3812 ·

84 3859 157 3895 rum:
183 3849 286 3908 ruptum
310 3840 343 3892 ab
363 3843 493 3894 invisibili
519 3846 650 3909 penuria,
677 3845 811 3912 παραίσια
831 3853 917 3896 autem
947 3852 974 3896 ot
992 3843 1019 3895 vi
1039 3839 1186 3894 celeritatis

70 3924 114 3965 'et
133 3911 266 3964 turbinum
291 3912 403 3964 aduersu
420 3929 610 3981 perrumpere,
618 3916 735 3987 quondo
755 3915 842 3966 illidet
871 3915 1032 3968 eontrarium
1052 3927 1139 3969 ossum
1160 3917 1189 3967 si

85 3984 265 4038 resistentium
293 3992 320 4035 et
339 3992 430 4035 contra
449 4000 480 4036 so
498 3977 635 4037 trahentes
655 3994 715 4050 eat,
736 3994 816 4054 utque
837 4001 869 4038 ex
888 4001 950 4038 uere
970 3994 1113 4040 monstrum
1131 3981 1186 4039 ttle

88 4063 116 4106 st
133 4062 233 4109 tuntum
253 4056 403 4122 negotiosis
422 4055 541 4108 eiicere.

130 4180 132 4190 .
189 4144 240 4197 Sed
259 4161 307 4198 rex
327 4145 461 4214 prioribus
473 4147 582 4202 studens
602 4153 629 4199 et
646 4152 727 4199 noctu
748 4153 774 4200 et
791 4146 834 4199 die
854 4144 1026 4216 generalibus
1044 4144 1151 4202 rebus
1144 4158 1191 4202 τοι,
