2834 4750
444 283 699 390 ·ursroum
902 279 966 347 ·.
1077 254 1151 353 baa

35 450 126 535 λακῇ
156 450 217 512 καί
246 450 373 530 δεσμοῖς
408 449 462 514 διά
482 450 516 517 τὸ
545 453 601 518 καί
619 450 679 537 πρὸ
710 450 838 535 ἡμερῶν
869 453 963 517 τινοῖν
983 451 1152 536 άλωθῆναι

35 549 232 633 φυγαδείαν
255 545 402 629 ἑλόμενον
424 553 478 616 ἐπί
498 557 540 640 τῷ
570 551 648 638 πρὸς
676 549 730 617 τάν
754 549 988 637 Βοταννειάτην
1010 548 1159 634 αιίτομοέ

34 651 139 731 λῆσαι
164 650 206 735 τῇ
233 645 357 736 Λάμπη
381 653 627 738 ἐνδιατρίβοντα,
650 649 838 737 ἠναγκάσθη
859 650 930 716 τότε
951 647 967 711 δ
990 653 1151 740 βασιλεύς,

34 751 102 814 τῶν
130 745 337 832 πραγμάτων
367 744 473 836 οἵσπερ
506 753 674 839 ῥευμάτων
704 751 887 818 θαλαττίων
918 753 1151 833 ἐπικεχυμένων

9 848 147 938 5αάτρῖ,
181 847 308 934 βοηθδν
338 851 394 917 τόν
426 844 527 938 ἄνδρα
550 852 605 918 καί
629 853 831 938 συλλήπτορα
853 855 1054 936 προσλαβεῖν.
1098 853 1153 935 τῆς

36 944 97 1016 οδν
122 956 281 1038 φρουρᾶς
303 949 400 1018 odada
420 950 551 1034 ἐξελών,
576 954 629 1019 καί
650 961 777 1030 πολλοῖς
804 951 884 1039 πρὸς
908 949 1004 1018 αὐτὸν
1027 955 1153 1034 ε’παχω-

34 1059 103 1134 γοῖς
127 1049 340 1138 χρησάμενος
360 1053 492 1141 ῥήμασι,
514 1055 569 1121 καί
590 1057 767 1140 α’μνηστίαν
786 1057 849 1119 τάν
868 1056 1030 1139 προτέρων
1051 1077 1151 1118 κατα-

34 1149 221 1240 σκευάσας,
244 1155 299 1216 καί
317 1159 447 1231 πολλαῖς
468 1154 660 1238 δποσχίσεσι
681 1158 736 1220 καί
758 1154 879 1238 δώροις
894 1152 950 1218 καί
966 1160 1073 1234 τιμαῖς
1094 1176 1150 1218 κα.

35 1251 236 1333 ταμαλάξας
258 1251 317 1336 τὴν
336 1251 449 1318 τούτου
472 1255 607 1338 ψυχήν,
630 1253 685 1319 καί
703 1251 783 1340 πρὸς
803 1247 931 1318 εὔνοιαν
950 1256 1151 1333 μεταθέσθαι
1188 1261 1192 1270 ’

10 1356 95 1430 οκαί
116 1343 232 1419 πίσῖιν
253 1353 497 1435 παρασκευάσας
514 1354 704 1441 α’πδρπητον,
727 1359 773 1430 είς
793 1351 852 1437 adv
873 1351 953 1419 κατά
976 1355 1038 1418 τῶν
1059 1356 1153 1420 ε’ναν-

35 1459 117 1519 τίων
151 1454 408 1538 ἀντιπαράταξιν
439 1458 651 1541 διηυτρέπισε.
704 1455 758 1520 καί
786 1441 848 1518 dut
873 1457 934 1520 τῶν
955 1457 1072 1537 τειχῶν
1092 1456 1151 1536 μὲν

36 1557 264 1640 διαλεχθῆναι
288 1555 442 1638 πρότερον
474 1566 539 1633 τοῖς
569 1561 699 1622 συνοῦσι
722 1558 882 1641 Φράγγοις
915 1560 959 1643 τῷ
987 1558 1152 1642 Βρυεννίφ

37 1659 236 1738 πεποίηκεν,
257 1657 299 1729 τίς
323 1657 365 1718 δι’
387 1656 442 1719 οδκ
464 1654 569 1722 ἔπεισε
589 1655 722 1734 τούτους
745 1655 800 1721 καί
820 1658 1095 1743 προεχιδρουνιείς
1111 1653 1149 1720 τά

39 1754 148 1820 ὀπίσω
173 1751 254 1838 πρὸς
280 1756 320 1820 τά
350 1757 404 1840 τῆς
435 1753 571 1842 ἑσπέρας
592 1755 765 1844 ε’νδότερα,
800 1753 877 1843 ἥτε
897 1757 989 1842 φήμη
1013 1755 1152 1841 προσήγ-

9 1854 208 1937 Ι5ηειλετδν
239 1860 297 1920 τοῦ
316 1861 493 1940 Βρυεννίου
526 1858 728 1945 αὐτάδελφον
757 1861 947 1945 α’φυλάκτοις
974 1855 1063 1931 ἐντὸς
1094 1857 1154 1919 τοῦ

42 1954 188 2038 Ἀθάρος
221 1958 432 2041 ε’πισκηνοῦν,
463 1956 658 2038 συμβούλιον
689 1960 811 2041 γέγονεν
844 1959 989 2022 ἐπελθεῖν
1011 1955 1154 2043 αδτηλὲξ

40 2059 190 2141 ἐφόδου,
212 2060 460 2142 στρατηγοῦντος
486 2061 543 2122 τοῦ
565 2060 724 2141 προέδρου
743 2057 887 2134 Ἀλεξίου
918 2055 980 2121 σδν
1001 2059 1044 2143 τῷ
1060 2052 1155 2121 Ῥου-

42 2162 166 2244 σελίφ,
200 2155 278 2248 μετά
315 2160 376 2222 τάν
405 2155 438 2221 ἐν
466 2161 506 2242 τῇ
535 2159 677 2239 βασιλίδι
706 2159 916 2240 στρατιωτῶν.
959 2149 1066 2240 ίίρκοις
1097 2147 1155 2219 οδν

44 2257 321 2344 φρικωδεστάτοις
332 2257 370 2322 τά
386 2257 479 2322 πιστά
491 2256 637 2332 δεδωκάς
646 2261 690 2342 τῷ
699 2254 857 2338 βασιλεῖδ
874 2259 1053 2334 Ῥουσὲλιος
1066 2257 1099 2320 ἕν
1114 2256 1157 2342 τῷ

9 2360 262 2447 νοπανσεβάστιρ
284 2361 370 2447 σηκῷ
392 2361 454 2423 τάν
470 2359 667 2442 Βλαχερνῶν
690 2356 779 2446 αὐτῷ
800 2357 1025 2439 συνδυάσαντι,
1046 2352 1156 2431 νυκτὸς
1169 2374 1189 2429 l.
1202 2374 1294 2432 2221.

47 2464 167 2545 ἐξῆλθε
197 2464 253 2541 τῆς
282 2459 411 2537 πόλεως.
450 2455 591 2524 Ῥωσικοὶ
625 2460 659 2523 δὲ
682 2464 798 2539 πλοῖα,
824 2457 883 2541 τήν
909 2455 971 2522 aiud
995 2455 1157 2541 θαλάσσης

48 2564 315 2645 παραχγελθέντα
338 2562 494 2644 ἐπίθεσιν,
508 2562 659 2643 σύνθημα
679 2563 842 2645 παρέσχον
863 2566 930 2633 τοῖς
949 2561 1017 2623 κατ’
1029 2550 1159 2642 ἤπειρον

48 2662 285 2745 στρατιώταις,
318 2663 359 2727 ἵν’
389 2656 606 2747 ὄρθριιάτερον
634 2654 700 2743 άμα
733 2663 778 2747 τρῖ
798 2660 921 2746 Ἀθάρα
943 2659 1160 2747 προσβάλωσι,

52 2965 206 3018 enimcum
229 2966 257 3015 in
278 2964 398 3017 custodia
417 2971 444 3016 et
463 2964 600 3030 vinculis,
626 2965 688 3033 qam
714 2963 793 3015 etiam
821 2964 914 3016 diebus
941 2960 1079 3017 nonnullis
1098 2968 1161 3014 aute

52 3037 241 3105 deprehensus
262 3044 319 3087 erat
339 3036 428 3105 fugam
451 3035 554 3103 eligens
573 3044 603 3087 ut
621 3035 828 3087 adBotaniatam
847 3033 1029 3101 transfugeret
1046 3034 1161 3099 Lampas

51 3117 218 3173 versantem,
239 3116 345 3159 coaetus
366 3115 406 3160 est
425 3116 478 3158 tum
493 3123 550 3170 rex,
573 3107 652 3159 rebus
672 3115 795 3173 tanquam
816 3104 939 3155 ductibus
955 3105 1034 3155 maris
1053 3104 1161 3155 irruen-

52 3178 124 3232 tibus
145 3182 174 3231 in
194 3196 262 3242 eum,
282 3179 454 3231 auxiliantem
472 3180 558 3229 virum
585 3185 612 3229 et
630 3178 733 3229 socium
757 3175 893 3228 adbibere.
939 3174 1060 3226 custodia
1078 3174 1162 3241 igitur

53 3266 114 3301 eum
128 3252 255 3303 eximens
276 3258 302 3302 et
320 3250 410 3302 multis
427 3266 491 3319 erga
508 3266 567 3299 eum
586 3247 769 3300 allicientibus
788 3262 852 3300 usus
870 3247 971 3310 verbis,
993 3253 1020 3297 et
1039 3244 1160 3296 oblivio.

52 3337 114 3372 nem
134 3324 254 3389 priorum
273 3324 415 3374 instituens
435 3330 462 3372 et
479 3320 568 3373 multis
588 3320 725 3387 promissis
758 3326 785 3370 et
802 3319 879 3371 donis
899 3325 925 3369 et
944 3315 1090 3368 honoribus
1110 3315 1159 3366 de-

51 3393 176 3445 mulcens
196 3392 275 3444 huius
295 3395 409 3445 animum
436 3400 462 3444 et
482 3391 514 3444 ad
536 3390 755 3443 benevolentiam
782 3398 890 3441 vertere
910 3397 936 3439 et
954 3389 1033 3439 iidem
1051 3386 1160 3439 studens

52 3463 358 3515 immutabilemordine
380 3472 473 3516 contra
492 3464 582 3515 hostes
609 3463 732 3530 opposito
760 3460 822 3512 eum
843 3461 978 3524 instruxit,
999 3466 1025 3509 et
1045 3473 1060 3509 e
1077 3457 1160 3509 muris
1209 3515 1211 3520 ¹

54 3534 178 3601 colloqui
199 3540 277 3584 antea
296 3549 353 3584 aum
374 3535 495 3601 Frangis,
518 3535 563 3602 qui
583 3549 641 3584 curn
653 3533 790 3599 Bryennio
810 3540 894 3596 erunt,
914 3546 977 3582 eum
994 3530 1080 3580 iussit.
1102 3540 1161 3579 eum

53 3615 146 3657 autem
164 3618 218 3653 uon
239 3605 412 3669 persuaderet
429 3604 471 3655 bis
493 3614 520 3656 et
544 3605 771 3673 progrederentur
800 3604 832 3655 ud
851 3604 994 3655 interiores
1014 3598 1161 3653 occidentis

54 3686 148 3741 partes
169 3683 196 3726 et
215 3673 284 3726 lama
307 3676 459 3745 nuntiaret,
485 3676 616 3741 Bryennii
637 3676 745 3727 fratrem
766 3674 918 3725 inconsulto
945 3674 1014 3723 iutra
1032 3670 1162 3735 Athyrem

57 3749 171 3811 versari,
191 3746 334 3798 consilium
351 3746 449 3797 iactum
464 3756 504 3798 est
520 3747 693 3814 aggrediendi
708 3762 766 3797 eum
785 3747 897 3810 impetu,
916 3745 1064 3811 imperante
1079 3754 1161 3807 prae-

58 3820 116 3869 side
135 3818 234 3871 Alexio
257 3826 284 3869 et
297 3814 415 3868 'Ruselio
442 3833 500 3867 oum
520 3818 664 3880 militibus,
685 3804 731 3885 dui
756 3818 784 3867 in
804 3815 870 3867 urbe
891 3820 974 3866 erant.
1012 3811 1162 3864 iuribusiu.

57 3890 147 3943 randis
167 3905 231 3958 ergo
255 3889 420 3957 gravissimis
439 3888 517 3939 fldem
541 3897 680 3956 postquam
705 3887 778 3948 dedit
795 3888 853 3954 regi
872 3884 997 3937 Ruselius
1017 3882 1161 3949 intemplo

57 3958 266 4013 blachernarum
290 3961 404 4012 maxime
432 3958 583 4011 venerabili
609 3974 667 4009 cum
697 3972 729 4008 eo
755 3970 901 4023 congresso
929 3964 1011 4008 noctu
1038 3967 1162 4024 egressus

59 4039 99 4082 est
117 4032 198 4084 urbe:
217 4033 317 4085 Rosioa
335 4040 422 4083 autem
441 4031 551 4098 navigia
569 4030 729 4080 maritimum
746 4029 872 4096 impetum
889 4026 1039 4080 nuntiantia
1057 4028 1161 4097 signum

58 4103 238 4167 praebuerunt
250 4105 382 4156 militibus
400 4104 427 4154 in
448 4102 599 4155 continenti
618 4101 779 4166 constitutis,
798 4108 827 4151 ut
845 4115 922 4152 mune
941 4099 1019 4152 simul
1032 4100 1161 4166 Athyrem

58 4176 278 4243 aggrederentur,
300 4185 380 4245 atque
399 4174 570 4229 includentes
584 4172 765 4227 adversarium
780 4186 840 4225 cum
852 4171 972 4226 omnibus
991 4173 1094 4228 suiset
1110 4170 1161 4223 de-
