2834 4750
540 305 749 375 nrsromb.
1119 291 1188 377 ill
1291 321 1298 331 ·

71 462 242 540 σιλεόσας
261 458 392 550 dorsuo)
410 467 548 551 Μιχαὴλ
572 466 606 532 ἐκ
618 471 675 552 τῆς
695 463 871 553 ὑπερορίας
889 469 1078 554 μεταγαγών
1098 472 1194 554 ετίτρ-1

75 566 216 648 γεσίαις
237 565 291 631 καί
311 576 418 652 τιμαῖς
438 568 679 652 κατελόμπρννε
710 574 765 635 καί
783 570 860 654 πρός
880 569 936 655 τήν
961 566 1078 637 ἑαυτοῦ
1101 573 1193 655 ἐνέρ·

75 687 196 750 ροοσεν
228 659 365 735 εόνοιαν.
417 661 509 746 οὗτος
544 662 600 734 σόν
621 670 841 752 γενναιότατος
868 669 948 738 κατοὶ
970 681 1065 755 χεῖρα
1087 676 1194 752 τελῶν,

75 767 143 831 καί
168 766 408 850 α’λκιμιότατος,
433 767 519 853 εἴπερ
545 775 594 846 τίς
610 769 806 856 ἀνθρώπων,
826 771 926 836 δοκόν
948 772 1001 835 ded
1025 769 1060 835 τό
1084 780 1197 857 πεῖραν

44 870 290 954 ὅδοῦναιὴῆς
321 863 439 934 ἑαυτοῦ
479 870 679 956 όοκιμότητος
709 873 745 934 ἐκ
776 875 837 936 τῶν
868 869 1066 958 ’φθασάντων
1092 873 1196 936 αότοό

75 967 413 1054 ἀνδραγαθημάτων,
435 969 551 1055 πολλὴν
573 974 717 1048 ἐνέσταξε
745 977 932 1056 προθυμίαν
955 974 1028 1049 τοῖς
1042 972 1198 1058 στροτιοί·

67 1095 180 1151 1τοιις,
212 1074 246 1136 ἐν
274 1066 341 1161 όρηι
369 1068 559 1153 καταλαβών
588 1079 761 1157 πολεμικῆς
790 1072 969 1149 ἐπιδόσεως.
1020 1072 1074 1138 διό
1094 1072 1196 1137 ταῦτα’

76 1192 137 1234 τοι
166 1175 225 1234 καί
245 1164 383 1256 όραγτσς
414 1175 449 1236 ἐκ
473 1175 607 1250 Δοκείας
640 1177 696 1238 τοό
717 1176 887 1258 Διογένους
917 1170 1123 1298 ἐπεφάνησαν
1144 1197 1196 1237 και

32 1269 114 1335 «οἱ
140 1272 205 1335 roi
224 1276 380 1353 βασιλέως
396 1271 450 1348 τοὶς
473 1278 612 1358 σημαίας
634 1274 923 1359 υπερτιταμένας’
907 1277 1103 1394 εκφέροντες.
1127 1274 1196 1338 ἀλλ’

32 1368 99 1438 106
122 1365 290 1456 Ἀλνότης
320 1370 442 1437 τοότων
471 1376 699 1458 καττπαρθείς,
737 1373 874 1449 πολλοός
907 1378 970 1438 τόν
991 1376 1197 1456 στρατιωτῶν

81 1471 322 1558 συναγηοχιός,
362 1473 499 1556 πόλεμον
533 1473 657 1551 τούτοις
692 1479 889 1558 προσέμιξεν.
944 1477 1134 1558 ἐρρωμένως
1159 1473 1224 1542 tir.
1237 1489 1332 1544 202r.

42 1577 350 1658 ἀντιταξαμένων
373 1578 494 1655 αιίτων,
530 1601 582 1641 και
603 1578 724 1657 μᾶλλον
744 1578 1013 1662 ἐπιφημισθέντσς
1033 1577 1091 1637 τοῦ
1113 1578 1193 1657 Κρι-

83 1682 210 1743 σπίνου
235 1684 382 1759 παρεῖναι
415 1677 470 1740 καί
486 1683 552 1752 τοις
578 1675 738 1759 Φρόγγοις
769 1679 808 1762 τῇ
828 1679 952 1798 πατρίρη
973 1678 1195 1757 διαλεχθέντος

85 1779 197 1866 φωνῇ,
221 1776 301 1861 πρός
322 1775 426 1902 φυγὴν
446 1800 476 1842 οι
499 1781 555 1841 τοῦ
576 1775 733 1846 Ἀλνότον
757 1776 897 1852 ότόκτως
925 1800 1094 1900 ωρμησαν
1137 1775 1195 1858 αφ’

38 1894 74 1946 15
86 1905 136 1945 ων
161 1880 242 1953 τινὲς
275 1880 333 1959 μὲν
355 1878 507 1954 α’κοντίοις
539 1877 718 1959 insuaves,
741 1876 839 1954 ἆλοός
868 1878 898 1939 δ’
918 1873 1015 1950 ου’τός
1035 1875 1108 1950 τοός
1132 1878 1196 1961 ἐφ-

87 1978 243 2061 θαλμοός
273 1974 420 2062 ἐξεκόπη,
449 1979 530 2059 μετὰ
563 1983 718 2063 σκηνικοόν
743 1977 883 2061 σιόηρων
913 1975 1117 2057 περιωέόνως
1138 1997 1195 2049 τας

38 2131 46 2140 ,
89 2078 225 2162 όρόσεις
261 2073 440 2161 ἀποβαλών.
502 2076 578 2165 όπερ
609 2079 727 2163 πολλὴν
762 2082 852 2162 ἐνῆκε
888 2085 953 2153 τοῖς
984 2073 1196 2162 στρατιώταις

90 2181 191 2242 οίνιάν
223 2178 276 2242 διὰ
298 2175 333 2243 τό
363 2181 420 2242 τοῦ
443 2178 558 2263 α’νδρός
591 2182 745 2264 ἐπίσημον
764 2176 845 2243 κατὰ
867 2181 953 2261 γένος
980 2176 1035 2242 καί
1052 2172 1198 2260 γενναιό-

88 2302 196 2344 τατον.
323 2349 327 2355 ,

42 2404 80 2458 20
197 2378 407 2465 Περιοόόυνος
436 2386 465 2446 d’
500 2382 516 2449 ό
552 2386 701 2468 Διογένης
732 2381 767 2445 ἐκ
803 2387 857 2465 τῆς
884 2383 994 2468 φήμης
1021 2377 1197 2470 γενόμενος,

91 2478 185 2565 όμως
209 2481 244 2547 τό
267 2483 377 2547 λοιπόν
412 2479 498 2569 ἄγων
529 2489 649 2569 πλῆθος
673 2486 719 2560 εἰς
739 2482 795 2568 τη“ν
816 2484 1043 2563 Καππαδοκῶν
1067 2484 1197 2573 ἐνέβαλε

89 2588 174 2669 γῆν·
218 2584 272 2648 καί
291 2582 335 2660 εἴς
358 2610 387 2649 τι
410 2585 566 2671 φρούριον
584 2583 680 2649 α’νιιόν
709 2587 887 2669 Τνροποιόν
908 2579 1009 2659 οὕτως
1038 2579 1197 2662 ὀνομαζό-

90 2708 210 2767 μενον,
241 2685 295 2749 ἐπί
323 2685 431 2772 λόφοινΙ
454 2692 597 2777 κείμενον
623 2685 765 2773 όχοροί,
791 2685 979 2773 ἐκαραδόκει
1012 2683 1048 2749 τό
1071 2685 1195 2766 μίλλον,

91 2783 297 2869 πανταχόθεν
327 2784 573 2868 ἐπικαλούμενος
595 2784 790 2874 στρατιώτας
821 2790 866 2866 εἶς’
892 2785 948 2873 την
972 2780 1090 2853 ἑαυτοῦ
1110 2783 1197 2869 α’ρωὲ

168 2962 194 3017 d.
215 2962 325 3027 ἐνίταξε
346 2963 375 3017 G.
474 2914 491 2951 ⁶

94 3132 247 3183 contrarius
275 3130 326 3182 init
349 3146 397 3183 rex
416 3129 529 3183 blicbeel
549 3146 583 3182 ex
601 3132 697 3183 exsilio
726 3130 856 3181 reducem
881 3131 1021 3183 beneflciis
1040 3138 1066 3181 et
1084 3128 1198 3181 honori.

93 3205 146 3255 bus
169 3201 320 3253 illustrabat
344 3205 417 3253 etin
442 3218 515 3253 suam
534 3201 693 3255 restituebat
717 3202 943 3255 benevolentiam
981 3202 1026 3252 bic
1045 3203 1127 3268 igitur
1144 3216 1198 3251 no-

93 3274 268 3326 bilissimus'
261 3290 289 3325 nr
307 3288 399 3326 manus
419 3288 502 3340 opere
524 3283 550 3325 et
569 3273 748 3325 validissimus
767 3274 790 3325 si
811 3275 869 3341 quis
889 3274 1023 3325 bominum
1043 3274 1117 3330 risus
1136 3273 1199 3339 quia

95 3352 218 3413 spectata
238 3353 294 3397 erat
325 3347 382 3396 eius
408 3347 500 3397 virtus,
518 3346 547 3396 in
577 3343 712 3412 prioribus
743 3347 801 3396 eius
819 3346 911 3409 lactis,
935 3345 1043 3396 multam
1072 3342 1200 3394 excitavit

94 3418 262 3468 voluntatem
282 3416 421 3480 militibus,
440 3426 561 3484 tempore
584 3431 631 3469 eos
651 3416 786 3481 accipiens
810 3414 905 3468 bellici
929 3402 1017 3467 stbdii
1056 3422 1199 3481 propterea

97 3490 179 3538 etiem
206 3488 327 3554 prolecto
357 3504 372 3537 e
393 3489 485 3540 Docea
510 3487 632 3556 Augusto
652 3496 834 3554 apparuerunt
861 3488 939 3541 etiam
963 3488 1033 3554 regii
1052 3487 1129 3553 signa
1148 3496 1198 3535 ex-

96 3573 181 3625 pansa
205 3560 355 3611 efferentes.
401 3560 449 3609 sed
472 3560 584 3624 Alyates
609 3560 650 3612 bis
677 3560 762 3611 elatus
796 3568 933 3626 postquam
962 3558 1060 3609 multos
1087 3556 1200 3607 militum

97 3632 190 3697 coegit
208 3630 308 3682 bellum
328 3630 369 3682 bis
387 3631 534 3682 admiscuit.
573 3631 678 3684 fortiter
697 3640 786 3682 autem
805 3630 847 3683 bis
864 3629 1051 3683 resistentibus
1071 3636 1098 3679 et
1115 3628 1200 3694 magis

96 3701 254 3753 adhortante
263 3702 387 3768 Crispino
402 3710 431 3753 nt
451 3702 575 3753 adessent
596 3709 622 3753 et
644 3702 825 3757 cum.Franeis
844 3703 930 3768 petris
949 3702 1041 3768 lingue
1059 3700 1198 3767 loquente,

95 3776 124 3824 in
152 3774 239 3841 lugam
259 3773 373 3839 Alyatao
401 3772 499 3823 milites
526 3773 584 3823 siue
614 3774 706 3825 ordine
731 3789 760 3824 se
784 3774 1008 3839 praecipitaruntz
1036 3772 1106 3822 inter
1131 3783 1198 3842 quos

96 3843 222 3896 nonnulli
241 3844 337 3896 iaculis
356 3844 521 3908 ceciderunt,
542 3846 600 3910 ipse
620 3853 712 3910 raptus
731 3843 816 3895 oculis
835 3846 956 3911 privatus
977 3850 1019 3894 est
1035 3844 1198 3893 instrumen-

98 3917 133 3966 tis
152 3917 262 3967 tcntorii
284 3917 379 3967 ferreis
398 3916 494 3965 misere
514 3917 600 3967 visum
619 3917 756 3966 amittens:
777 3916 803 3966 id
822 3915 893 3983 quod
909 3914 1017 3966 multam
1035 3915 1128 3965 iniecit
1145 3913 1197 3963 mi.

98 3984 191 4041 litibus
209 3988 404 4054 aegritudinem
423 3994 531 4053 propter
550 3987 603 4038 viri
628 3986 797 4052 splendorem
814 3986 923 4054 generis
943 3995 969 4037 et
987 3986 1164 4041 nobilitatem.

198 4074 300 4125 Dolore
317 4083 404 4125 autem
424 4076 559 4141 Augustus
580 4090 613 4124 cx
635 4074 702 4124 lauru
732 4073 871 4140 impletus,
891 4083 977 4126 tamen
995 4075 1128 4143 reliquam
1146 4073 1198 4123 du.

100 4160 164 4196 cens
188 4145 383 4197 multitudinem
412 4150 438 4199 in
463 4146 647 4212 Cappadocum
681 4145 775 4197 incidit
797 4154 911 4198 terram:
944 4156 972 4199 et
996 4148 1028 4199 ud
1058 4144 1198 4198 castellum
1245 4166 1248 4171 ·

100 4217 230 4284 quoddam
256 4220 401 4289 ascendens
421 4219 587 4286 lyropoeum
608 4218 647 4287 (i.
669 4232 692 4269 ο.
714 4232 819 4274 caseum
839 4219 961 4288 inciens)
989 4220 1150 4270 nominatum
1172 4220 1201 4265 et
