2834 4750
226 252 301 338 ττι
517 253 738 328 κιαιιλετιε
763 248 1026 332 muttonis
1124 310 1132 318 .
1190 238 1193 245 ’

224 449 279 511 την
300 424 463 506 έκέβαλιν,
494 422 533 488 ού
555 421 638 487 πάνυ
659 447 688 486 τι
718 415 900 502 άπεχούσης
931 415 1083 498 eda-suiv
1110 409 1255 494 Ταρσιύν
1279 407 1343 470 πύ-

224 533 312 604 λεως.
356 523 610 602 δυσδιεξάδευτοι
631 524 663 584 δ’
684 515 773 594 ὄντες
795 524 850 584 καί
868 525 998 602 τραχεῖς
1032 513 1087 581 κατ’
1109 511 1263 584 α’νάντεις
1286 511 1343 572 καί

230 631 303 690 λίαν
324 621 510 707 στενόποροι
530 619 561 688 οἱ
583 625 828 704 διατειχιζοντες
855 621 918 683 τῶν
940 619 1022 702 δρῶν
1045 617 1182 697 αύχένες
1202 609 1342 695 τήνΚι-
1409 652 1411 655 -

226 727 331 792 λικίαν
353 724 393 788 ον’
414 727 549 808 μετρίοιν
569 725 696 787 ἐποίουν
718 724 785 785 οὐδ’
813 713 927 784 εύοδον
946 721 992 805 τῷ
1020 717 1146 800 στρατῷ
1167 710 1232 794 τὴν
1253 712 1341 774 εἷσέ-
1409 714 1411 811 l

226 834 345 893 λευσιν.
388 820 464 890 ὅθεν
486 823 540 888 καί
562 821 597 887 εἴ
615 847 697 898 τινες
723 828 786 888 τῶν
804 821 863 886 τού
886 823 1057 902 Διογένους
1078 811 1136 888 τάς
1156 812 1365 895 άκρυορειλιςῑι

225 935 391 1009 κατεῖχον,
426 928 481 991 καί
507 928 631 1006 μᾶλλον
653 920 799 1008 ἑκηβόλον
821 923 877 987 καί
899 931 965 997 τοῖς
986 921 1078 984 ποσίν
1105 914 1338 996 ἐπιβαίνοντες,

226 1029 285 1092 osis
306 1021 346 1092 άν
367 1025 514 1110 ἠδυνήθη
545 1024 620 1090 ποτὲ
642 1023 678 1088 ro*
711 1024 769 1088 τού
797 1022 1004 1104 Ἀνδρονίκου
1035 1015 1259 1100 στρατδπεδον
1280 1010 1339 1094 τὴν

226 1132 360 1212 πορείοιν
391 1125 445 1190 διά
480 1127 598 1190 τούτων
628 1123 846 1206 ποιήσασθαι,
880 1126 910 1186 εἰ
931 1119 977 1204 μὴ
1009 1123 1065 1183 καί
1096 1118 1227 1199 μᾶλλον
1246 1117 1339 1186 δέους

225 1229 432 1310 ἐπειγομένου
454 1233 520 1300 τοῖς
543 1224 755 1306 στρατιώταις
779 1221 860 1305 πρὸς
881 1221 986 1305 φυγὴν
1007 1215 1171 1302 ιύρμησαν.
1222 1213 1336 1278 τούτου

227 1327 264 1392 dd
286 1317 567 1412 παραμεληθέντος
583 1324 628 1399 εἰς
642 1327 789 1390 κίνδυνον
808 1329 959 1405 περιέστη
976 1325 1019 1408 τῷ
1033 1324 1168 1405 Διογένη
1191 1314 1233 1380 τά
1255 1313 1375 1396 πρά-ιδ

226 1452 343 1510 γματα.
366 1426 447 1508 μιτά
468 1428 527 1509 γὰρ
550 1424 584 1489 τὸ
609 1428 774 1490 κατελθεῖν
793 1425 839 1498 εἰς
859 1421 899 1488 τδ
916 1421 1023 1486 πεδίον
1043 1419 1097 1512 τδν
1116 1416 1179 1482 σύν
1203 1419 1248 1505 τῷ
1266 1415 1337 1482 Ἀτ-

230 1531 361 1614 δρονίκηι
391 1526 531 1610 στρατὸν
565 1521 582 1588 ὅ
614 1526 832 1610 Χατατούριος
868 1521 1013 1588 ἐπελθών
1041 1517 1177 1602 πόλεμον
1214 1516 1337 1590 τούτοις

228 1632 428 1712 συνέρρηξεν.
480 1627 520 1690 οδ
552 1627 604 1690 διὰ
635 1629 750 1708 πολλῆς
782 1625 825 1691 δὲ’
844 1629 1011 1720 γενομένου
1046 1626 1102 1705 τῆς
1124 1616 1217 1702 τύρας
1238 1621 1339 1684 αὐτοῦ

230 1728 274 1804 cic
295 1721 335 1792 άν
356 1729 417 1794 τῶν
433 1727 619 1808 Ῥωμαϊκῶν
639 1725 808 1806 δυνάμεων
830 1730 872 1812 τῷ
896 1749 930 1789 τε
961 1723 1077 1816 πλάθει
1102 1723 1160 1786 καί
1178 1723 1224 1808 τῇ
1242 1718 1340 1801 α’ρετγῗ

230 1827 464 1912 ύπεριχουοούν,
487 1825 592 1894 πεσιδν
612 1830 646 1892 ἐκ
667 1829 724 1894 τοῦ
744 1829 842 1892 ἵππου
858 1824 875 1890 ὅ
889 1827 1111 1906 Χατατούριος
1132 1818 1227 1900 πεζὸς
1248 1817 1379 1894 {citato

231 1931 350 2017 καὶτῷ
377 1933 611 2016 στρατηγοῦντι
642 1932 783 2013 παρέστη
810 1925 930 2010 γυμνὸς
956 1925 1012 1990 καί
1043 1920 1181 1998 ἐλεεινάς
1210 1927 1251 2008 τῇ
1280 1946 1343 1986 πα-

231 2033 331 2119 ρούσῃ
358 2031 441 2118 τύχη
471 2034 528 2094 καί
557 2035 593 2116 τῇ
622 2033 728 2096 ἐλπίδι
759 2033 821 2094 ταῖν
846 2025 1023 2108 μελλόντων
1051 2025 1165 2088 κακῶν.
1219 2028 1287 2089 τιύν
1317 2025 1343 2086 δ’
1409 2092 1410 2095 η

231 2124 336 2198 ἄλλων
359 2127 591 2216 συμφυγόντων
622 2131 667 2204 εἰς
688 2115 726 2193 τύ
748 2131 803 2213 τῆς
829 2125 967 2211 Ἀδάνης
985 2125 1143 2209 κάοτρον,
1166 2126 1203 2188 ἐν
1233 2115 1342 2212 ηἶπερ

235 2228 252 2294 o‘
282 2231 432 2313 Διογένης
459 2229 615 2314 ἐκάθητο,
648 2231 812 2313 πολιορκία
845 2225 903 2310 τὴν
931 2228 1081 2310 τοιαύτην
1118 2223 1214 2290 πάλιν
1247 2225 1345 2308 α’κρι-

233 2332 299 2413 βοάς
333 2331 512 2409 διεδέξατο·
576 2330 836 2421 περικαθίσαντες
875 2328 936 2411 γάρ
972 2324 1071 2411 adria
1110 2325 1140 2391 οἱ
1169 2323 1253 2413 μετά
1285 2328 1381 2404 τοῦτο
1409 2391 1410 2394 ,

232 2432 437 2517 Ἀνδρονίκου
455 2433 613 2515 Ῥωμαῖοι
640 2429 753 2497 σπάνει
779 2434 840 2496 τάν
860 2432 1043 2514 α’ναγκαίων
1074 2429 1148 2505 τούς
1167 2426 1264 2494 ἔνδον
1284 2430 1344 2491 cdx

237 2532 282 2607 τίς
303 2533 421 2614 μικράν
451 2533 506 2615 τήν
537 2532 674 2614 οἷγωνίαν
696 2536 854 2613 ἐνέβαλον.
909 2536 987 2606 τέως
1008 2532 1038 2594 δ’
1063 2523 1119 2594 oria
1141 2531 1218 2614 περί
1238 2552 1344 2595 σπον-
1409 2537 1411 2592 ἕ

236 2632 301 2695 δάν
325 2632 557 2715 διαλεχθέντων
592 2634 763 2719 α’λλὴλοις,
792 2636 956 2712 συνέδοξεν
989 2632 1175 2697 ἀποθέσθαι
1201 2633 1264 2713 μὲν
1285 2626 1344 2712 τὴν

235 2733 401 2812 βασιλείαν
423 2732 476 2797 τὸν
497 2737 661 2820 Διογένην,
679 2738 923 2800 συναποθέσθαι
946 2736 981 2797 δὲ
1003 2721 1058 2799 κατ’
1077 2731 1135 2815 τήν
1153 2732 1263 2818 τρίχα,
1286 2733 1346 2795 κατ’

310 2884 333 2935 1.
355 2884 513 2971 Ταρισέιυνλ
604 2887 645 2937 11.
664 2884 715 2941 τὸν
736 2902 779 2938 om
798 2887 827 2940 C.
921 2888 962 2939 13.
982 2889 1136 2961 γενομένης
1157 2886 1187 2939 G.

237 3022 343 3075 omniuo
373 3038 428 3076 non
457 3025 495 3077 ita
523 3025 629 3079 abesset
657 3027 752 3080 Tarsus
781 3026 853 3078 urbs.
900 3027 991 3077 inviae
1018 3034 1106 3078 autem
1134 3034 1163 3076 et
1180 3041 1295 3093 asperae
1315 3033 1344 3077 et

236 3095 400 3163 praecipites
428 3103 455 3148 et
479 3095 558 3150 valde
577 3108 706 3167 angustae
724 3100 850 3150 mentium
869 3096 974 3162 valles,
994 3115 1062 3167 quae
1089 3105 1188 3150 terram
1206 3098 1343 3151 deiende.

236 3166 309 3230 hant,
330 3166 452 3220 Ciliciam
471 3184 525 3219 non
549 3178 636 3236 aptam
658 3170 805 3221 reddebant
830 3184 919 3236 neque
938 3171 1086 3236 expeditam
1111 3171 1243 3221 exercitui
1260 3171 1343 3221 iuva.

190 3267 193 3276 v
238 3239 350 3290 sionem.
388 3238 558 3306 quamobrem
579 3242 656 3292 etiam
685 3242 771 3309 siqui
791 3256 825 3291 ex
841 3241 956 3307 Augusti
983 3240 1111 3293 militibus
1131 3243 1270 3292 eacumina
1289 3240 1342 3291 ob.

237 3308 381 3362 timuissent
405 3318 432 3361 et
449 3311 533 3377 magis
558 3314 586 3362 in
610 3311 751 3363 iaculando
780 3321 805 3363 et
830 3312 942 3378 pedibus
971 3314 998 3363 in
1024 3312 1193 3364 ascendendo
1213 3313 1342 3379 expediti,

238 3395 292 3433 nou
311 3382 444 3446 potuisset
461 3397 575 3449 unquam
599 3384 746 3435 Andronici
773 3385 907 3434 exercitus
935 3385 987 3435 iter
1004 3399 1052 3450 per
1080 3382 1147 3435 baec
1167 3383 1271 3448 lacere,
1289 3384 1342 3434 nisi
1409 3403 1410 3410 ¹

240 3452 329 3519 potius
347 3460 419 3503 metu
449 3452 578 3505 militibus
597 3456 712 3505 instante
740 3456 767 3505 in
787 3456 877 3522 lugam
902 3469 932 3506 se
951 3462 1097 3506 verterent.
1134 3471 1187 3521 qua
1206 3463 1296 3517 tamen
1312 3470 1342 3504 re

239 3521 365 3591 neglecta
384 3523 533 3593 periculum
551 3524 690 3577 subierunt
707 3527 831 3593 Augusto
850 3541 903 3577 res.
948 3534 1089 3594 postquam
1108 3527 1178 3577 enim
1194 3527 1341 3593 degressus

241 3601 282 3647 est
301 3595 328 3645 in
351 3610 470 3663 campum
489 3611 548 3646 cum
559 3596 714 3648 Andronico
729 3597 872 3659 exercitus,
892 3595 1061 3649 Chataturius
1075 3613 1220 3664 aggressus
1240 3596 1341 3649 bellum

240 3665 282 3717 bis
302 3667 410 3719 iniecit:
439 3666 487 3719 sed
512 3682 571 3717 cum
590 3682 644 3719 nou
661 3668 689 3718 in
707 3666 816 3735 longum
836 3669 1025 3719 extenderetur
1050 3669 1239 3732 musacium,
1265 3667 1342 3735 quasi

242 3736 403 3791 Graecorum
423 3741 495 3791 vires
516 3746 542 3789 et
561 3738 729 3790 multitudine
749 3747 776 3789 et
793 3740 894 3790 virtute
911 3741 1065 3805 superiores
1086 3746 1196 3803 essent,
1214 3739 1341 3805 delapsus

242 3820 310 3871 equo
334 3809 503 3861 Chataturius
521 3810 612 3877 pedes
641 3818 734 3876 captus
759 3818 819 3874 est,
849 3819 876 3861 et
904 3825 991 3861 coram
1021 3812 1089 3861 duce
1113 3812 1188 3863 stetit
1211 3811 1299 3863 nudus
1314 3816 1343 3859 et

240 3876 321 3927 miser
341 3879 445 3933 fortuna
459 3882 576 3932 instante
596 3889 623 3931 et
637 3883 838 3947 exspectatione
852 3882 1000 3932 futurorum
1018 3882 1155 3933 malorum.
1176 3898 1236 3932 cnm
1252 3889 1342 3933 autern
1409 3933 1410 3946 ἶ

243 3950 327 3999 ceteri
346 3952 373 4001 in
394 3951 512 4004 Adanam
532 3952 673 4004 castellum
693 3954 834 4021 fugissent,
853 3954 882 4004 in
900 3967 953 4019 quo
971 3953 1108 4021 Augustus
1125 3953 1270 4016 residebat,
1288 3966 1340 4017 op-
1409 3977 1410 4000 ι

242 4021 406 4085 pugnatione
426 4021 494 4071 hauc
512 4022 605 4073 urbem
625 4032 698 4075 certo
718 4026 833 4090 accepit.
871 4024 1024 4075 obsidentes
1043 4026 1113 4075 enim
1132 4040 1191 4076 eam
1216 4025 1340 4091 quicum
1409 4061 1410 4074 t

242 4088 395 4142 Andronico
417 4099 492 4143 erant
506 4091 600 4145 Graeci
618 4096 710 4162 inopia
723 4112 811 4147 rerum
829 4096 1040 4147 necessariarum
1058 4097 1129 4147 intus
1148 4094 1268 4147 inclusos
1285 4108 1341 4145 non

242 4174 326 4228 parvo
346 4161 431 4215 labori
450 4163 611 4216 iniecerunt.
650 4182 709 4217 eum
727 4167 809 4233 igitur
828 4168 861 4218 de
881 4166 991 4219 loedere
1009 4168 1079 4221 inter
1097 4183 1127 4219 se
1145 4166 1339 4234 colloqueren-
