2834 4750
230 227 281 304 oo
533 231 749 302 niceamrs
778 231 1040 326 amaneum

140 381 155 390 ἱ
230 399 327 483 μόνον
344 399 421 465 ,ἀλλ’
445 390 507 482 ἤδη
522 398 577 462 καί
596 404 660 474 τοῖς
681 395 869 482 βαρβάροις,
890 397 934 476 σός
948 397 1038 485 μάχη
1055 396 1260 484 κτκρατηκάς
1287 399 1357 462 rori

230 503 421 584 spurciores
453 498 509 562 καί
542 497 693 587 φασγάνῳ
716 501 870 584 τοσαύτην
903 497 1007 583 α’ρχὴν
1029 497 1180 584 δυνηθείς
1197 498 1354 580 περιζώ-

230 605 363 667 σασθαι.
406 607 670 685 στηλογραφτῖται
693 602 730 664 δὲ
745 598 801 663 καί
818 601 1016 682 ἐσπασμένον
1039 597 1120 683 ἔχων
1143 599 1200 664 τόν
1225 598 1354 664 σῖκινά-

145 749 149 755 .
230 727 287 786 κην
308 705 353 792 τῷ
372 705 483 790 κήνοῳ,
503 704 558 766 καί
571 694 655 765 οότω
680 702 736 784 τῆς
755 704 997 782 βασιλείαςτκαί
1007 704 1070 766 τάν
1089 703 1206 785 ταύτης
1231 701 1351 783 άπάρ·

229 826 322 886 χεται
343 806 496 887 πράξεων.
549 803 732 888 φιλοτίμοις
754 793 811 864 οὖν
833 798 908 877 τοός
935 806 1176 884 συναραμένους
1197 804 1257 865 καί
1283 807 1377 866 ‹ro-5

159 905 165 916 '
230 905 504 986 ναγωνισαμένονς
544 901 623 984 πρός
654 899 690 964 τό
729 898 923 982 κατόρθωμα
955 900 1116 983 κοσμήσας
1142 908 1252 981 τιμαῖς
1292 905 1354 965 καί

232 1001 423 1090 φροντιστὰς
443 1000 579 1076 πολλοῦς
600 1004 663 1066 τῶν
685 1001 846 1083 δημοσίων
866 1000 1038 1079 α’ποδείξας
1059 999 1237 1082 συλλόγων,
1257 995 1351 1064 οὕτω

231 1103 286 1170 καί
296 1101 328 1168 τό
346 1100 516 1186 δημοτικόν
528 1105 583 1184 τῆς
595 1100 814 1185 προσηκούσης
823 1105 918 1185 τιμῆς
930 1104 1023 1179 α’ξιοῖ.
1037 1099 1097 1182 πρό
1111 1103 1147 1164 δέ
1160 1104 1224 1164 τάν
1236 1091 1351 1165 ἄλλων

230 1205 312 1267 πολά
333 1228 364 1267 τι
394 1206 497 1283 νέμων
519 1203 627 1277 αίέοῦς
647 1203 690 1288 τῷ
720 1199 915 1289 πατριάρχη,
937 1199 992 1266 ἴσα
1013 1201 1069 1266 καί
1084 1203 1208 1284 πᾳτέρα
1229 1197 1348 1282 ἐτίμα,
1407 1210 1408 1227 *

231 1300 286 1366 καί
312 1299 389 1377 τούς
416 1299 532 1391 τοότον
561 1298 724 1387 άνιψιοόςγ
740 1309 810 1378 ταῖς
837 1301 977 1384 πρώταις
1002 1303 1105 1378 α’ξιάις
1123 1303 1183 1369 ,καί
1202 1260 1409 1384 πράξεσιλλό

232 1406 459 1487 περιβλέπτους
479 1399 705 1483 α’ποότέειχάς.
760 1405 815 1466 καί
846 1401 886 1466 τά
906 1410 972 1479 τοῖς
991 1407 1169 1484 βασιλικοῖς
1200 1403 1348 1478 δικαίοις
1407 1429 1409 1547 η

233 1499 392 1587 προσόντα
414 1498 500 1587 παρά
523 1501 771 1586 τῶνότρατικαῖν
787 1505 896 1567 όίκαια
917 1506 954 1590 τῇ
971 1501 1093 1590 μεγάλῃ
1113 1505 1260 1590 ἐκκλησίην
1283 1528 1346 1566 κα·
1407 1568 1408 1583 ἦ

232 1605 354 1686 carpor,
381 1608 436 1668 καί
465 1602 584 1668 τοάτων
610 1603 776 1685 άλλοτριοῖ
791 1604 975 1670 παντάπασι
1008 1600 1043 1668 τό
1065 1600 1233 1686 παλάτιον,
1254 1600 1345 1668 α’ίστε
1407 1586 1409 1645 ⁵

150 1767 152 1772 ,
231 1701 307 1787 μήτ’
325 1704 379 1766 ἐπί
399 1706 456 1786 τῆς
479 1702 657 1784 οἰκονομίας
676 1703 756 1788 μήτε
784 1707 838 1788 τῆς
859 1707 920 1768 ταῖν
948 1702 1044 1790 ἱεράν
1066 1709 1235 1788 κειμηλίων
1256 1728 1346 1789 προ-

232 1805 320 1878 νοίας
349 1807 404 1868 καί
438 1803 631 1886 προστασίας
658 1802 751 1885 Ιπαρά
780 1809 936 1887 βασιλέως
963 1801 1032 1870 τινά
1061 1806 1343 1893 προχειρίζεσθαι,
1356 1817 1380 1867 15

235 1900 315 1968 άλλά
336 1905 391 1986 τῆς
406 1909 463 1969 rori
486 1904 688 1986 πατριάρχου
702 1902 848 1981 ἐξουσίας
870 1907 1031 1989 ἠρτῆσθαι
1053 1908 1109 1968 καί
1125 1903 1182 1987 τὴν
1202 1910 1344 1988 προχτί-
1407 1986 1408 1989 ¹

235 2027 320 2088 ρισιν
343 2006 405 2067 τάν
426 2001 603 2088 προσάπων
623 2002 680 2068 καί
698 2000 754 2088 τίην
782 2007 845 2069 ταῖν
869 2002 1062 2088 πραγμάτων
1086 2006 1250 2088 διοίκησιν.
1407 2022 1409 2115 η

298 2130 304 2140 ·
335 2101 406 2167 Καί
426 2099 740 2187 καταστησάμενοςτ

234 2205 298 2269 τάν
320 2202 543 2284 ’ἀναλωμάτων
578 2207 636 2287 τῆς
668 2195 834 2286 βασιλείας
866 2204 922 2270 καί
955 2207 1014 2271 τοῦ
1056 2206 1247 2288 ἐψωνισμοά
1275 2213 1342 2273 τῶν
1407 2202 1408 2223 ³

162 2311 164 2316 ’
234 2307 439 2390 στρατιωτῶν
461 2306 605 2387 μέγεθος,
628 2307 684 2369 καί
703 2304 747 2381 ὥς
769 2307 899 2388 πόλεμοι
921 2303 1027 2395 τοάτηι-
1053 2305 1234 2391 πρόκεινται
1256 2314 1377 2373 πολ-λλ)
1407 2379 1408 2382 ¹

236 2404 294 2491 λην
316 2406 460 2490 δαπάνην
482 2408 666 2489 ἐφέλκοντες
696 2405 750 2471 διά
781 2406 816 2471 τό
845 2403 919 2484 τοός
950 2409 1110 2482 ἐναντίους
1140 2412 1337 2491 κατισχάσαι
1407 2483 1408 2486 ¹

234 2506 289 2569 καί
308 2503 511 2587 πανταχόθεν
526 2502 775 2591 κατεπαίρτσθαι
792 2511 855 2572 τῶν
872 2504 1048 2590 Ῥωμαίων.
1092 2510 1147 2573 καί
1162 2508 1338 2593 χρημάτων

236 2605 366 2690 δεῖσθαι
397 2603 568 2688 σκοπὴοος,
601 2604 733 2689 κοίτην
753 2606 875 2673 τοάτων
908 2608 1062 2693 τόπσρίαν
1092 2612 1241 2693 πλείστην
1261 2602 1338 2693 ὅσην
1407 2611 1408 2676 λ

308 2756 349 2809 16.
369 2760 557 2831 προχείρησιν
576 2757 606 2813 G.

198 2934 201 2941 '
241 2931 446 2999 imperatorem,
473 2939 499 2984 et
519 2931 608 3001 gladio
634 2939 734 2985 tantum
758 2932 902 3000 imperium
916 2932 1046 3001 potuisset
1063 2930 1114 2985 sihi
1132 2932 1291 3000 accingere:
1310 2936 1338 2986 in
1407 2929 1408 2940 ¹

238 3002 362 3055 columna
383 3003 536 3057 inscribitur
556 3005 633 3056 etiarn
651 3005 775 3057 nudatum
794 3004 894 3057 habens
914 3004 1029 3073 gladium
1048 3020 1064 3055 a
1082 3020 1172 3067 censu,
1185 3006 1267 3055 etita
1284 3006 1336 3056 im.

237 3076 341 3144 perium
361 3082 388 3125 ct
407 3078 463 3129 eius
482 3091 526 3128 res
545 3078 656 3145 incipit:
677 3076 771 3144 amplis
789 3077 870 3144 igitur
891 3092 947 3139 eos,
967 3077 1011 3143 qui
1032 3076 1057 3125 ei
1077 3073 1197 3126 auxiliati
1217 3085 1292 3127 erant
1312 3086 1337 3127 et

237 3163 296 3199 cum
319 3161 351 3197 eo
373 3156 541 3200 certaverant
560 3149 664 3199 adrem
683 3147 753 3199 hene
772 3148 916 3215 gerendam
935 3161 1031 3198 ornans
1050 3146 1205 3210 honoribus,
1227 3154 1253 3197 et
1270 3163 1334 3213 pro.
1407 3149 1408 3184 t

238 3226 375 3269 curatores
400 3219 497 3271 multos
523 3218 689 3286 publicorum
715 3221 857 3270 instituens
882 3226 1083 3280 conventuum,
1112 3219 1150 3267 ita
1175 3219 1253 3268 ctiam
1280 3234 1335 3285 rem
1407 3215 1408 3254 Ῡ

236 3286 370 3355 publicam
396 3298 456 3354 apto
483 3290 586 3340 honore
611 3292 749 3358 dignatur:
769 3300 830 3341 autc
848 3298 953 3342 ceteros
971 3296 1059 3339 autem
1078 3288 1187 3339 multum
1207 3289 1269 3355 quid
1285 3292 1334 3341 tri.

235 3360 320 3411 hucne
339 3361 508 3412 reverentiae
526 3361 701 3428 patriarchae,
722 3377 808 3428 aeque
826 3377 858 3411 ae
876 3368 976 3427 patrem
990 3357 1136 3410 honorabat
1156 3374 1224 3423 eum,
1236 3369 1262 3410 et
1280 3362 1335 3411 eius

236 3432 331 3485 affines
357 3433 463 3483 suminis
488 3432 660 3499 dignitatibus
686 3440 713 3481 et
730 3432 810 3484 rebus
835 3431 954 3483 illustres
978 3431 1109 3493 reddens,
1140 3438 1167 3480 et
1190 3445 1260 3498 quac
1277 3433 1333 3498 regi

238 3508 307 3555 iusta
327 3512 417 3555 essent
440 3518 472 3570 ex
491 3502 573 3554 sacris
592 3504 661 3553 iusta
680 3518 792 3569 magnae
812 3502 945 3554 ecclesiae
965 3502 1085 3565 dedicat,
1104 3509 1184 3567 atque
1206 3500 1246 3552 his
1266 3500 1332 3552 alie.

236 3582 281 3626 nat
300 3574 426 3641 palatium
446 3576 482 3625 ita
503 3582 532 3624 ut
549 3588 638 3640 neque
657 3574 684 3623 in
704 3575 932 3624 administratione
949 3589 1037 3641 neque
1057 3573 1225 3638 providentia
1244 3587 1332 3624 sacro.

237 3660 295 3695 rum
323 3646 507 3698 thesaurorum
537 3654 563 3697 et
587 3644 781 3713 gubernatione
808 3661 841 3695 ex
864 3646 948 3711 regiis
969 3646 1106 3713 quisquam
1125 3641 1177 3693 boc
1194 3651 1331 3706 tractaret,

238 3716 285 3767 sed
306 3730 339 3765 cx
357 3718 524 3783 patriarchae
538 3724 670 3784 potestate
685 3716 814 3782 penderet
833 3724 859 3766 et
878 3718 978 3767 creatio
996 3728 1167 3782 personarum
1187 3715 1331 3765 etadmini.

238 3787 329 3837 stratio
348 3803 444 3840 rerum.

345 3857 378 3909 Et
396 3868 533 3927 postquam
561 3861 698 3911 constituit
724 3860 863 3926 imperium
882 3866 985 3926 spectat
998 3859 1077 3909 etiarn
1096 3866 1196 3909 sumtus
1215 3858 1288 3925 regni
1307 3865 1332 3907 et
1407 3873 1408 3878 ¹

239 3927 430 3993 stipendiorum
449 3932 561 3982 militum
580 3931 797 4001 magnitudinem,
809 3940 835 3982 et
853 3931 925 3982 helia
943 3930 1007 3982 huic
1016 3930 1116 3981 instare
1134 3929 1245 3978 multum
1263 3944 1329 3979 surn-

238 4006 291 4048 tum
311 4001 464 4063 moventis,
485 4003 556 4069 quod
576 4002 666 4056 hostes
688 4002 771 4055 validi
792 4011 881 4055 essent
899 4010 926 4052 et
941 4002 1058 4067 undique
1077 4005 1250 4067 assurgerent
1267 4014 1329 4049 con.
1407 4013 1408 4048 ι

244 4077 284 4119 tra
304 4068 437 4133 Graecos,
466 4087 565 4140 eosque
585 4074 754 4127 facultatibus
773 4089 866 4127 carere
884 4073 1097 4124 animadvertens
1118 4079 1145 4121 et
1165 4070 1257 4123 horum
1273 4072 1328 4120 ino-
1407 4107 1408 4112 η

246 4141 315 4207 piarn
340 4142 477 4209 maxi-mam
502 4144 684 4196 inevitabilem
708 4152 848 4211 reputans,
874 4145 965 4212 gravis
994 4142 1078 4194 iactus
1106 4150 1146 4195 est
1165 4140 1328 4210 vectigalium
1407 4127 1408 4200 λ
