<?xml version="1.0" encoding="UTF-8"?>
<!DOCTYPE html PUBLIC "-//W3C//DTD XHTML 1.0 Transitional//EN"
    "http://www.w3.org/TR/xhtml1/DTD/xhtml1-transitional.dtd">
<html xmlns="http://www.w3.org/1999/xhtml" xml:lang="en" lang="en">
 <head>
  <title>
</title>
<meta http-equiv="Content-Type" content="text/html;charset=utf-8" />
  <meta name='ocr-system' content='tesseract 3.04.00' />
  <meta name='ocr-capabilities' content='ocr_page ocr_carea ocr_par ocr_line ocrx_word'/>
</head>
<body>
  <div class='ocr_page' id='page_1' title='image "./corpusscriptoru24theogoog/corpusscriptoru24theogoog_0109.png"; bbox 0 0 2834 4750; ppageno 0'>
   <div class='ocr_carea' id='block_1_1' title="bbox 528 280 1183 357">
    <p class='ocr_par' dir='ltr' id='par_1_1' title="bbox 528 280 1183 357">
     <span class='ocr_line' id='line_1_1' title="bbox 528 280 1183 357; baseline 0.015 -10"><span class='ocrx_word' id='word_1_1' title='bbox 528 280 736 352; x_wconf 72' lang='grc' dir='ltr'><strong>ΗΙθΤΟΒΙΑ.</strong></span> <span class='ocrx_word' id='word_1_2' title='bbox 1135 281 1183 357; x_wconf 82' lang='lat'><strong><em>85</em></strong></span> 
     </span>
    </p>
   </div>
   <div class='ocr_carea' id='block_1_2' title="bbox 13 433 1262 2854">
    <p class='ocr_par' dir='ltr' id='par_1_2' title="bbox 13 433 1262 2854">
     <span class='ocr_line' id='line_1_2' title="bbox 81 433 1185 535; baseline 0.015 -36"><span class='ocrx_word' id='word_1_3' title='bbox 81 457 152 520; x_wconf 85' lang='grc' dir='ltr'><strong><em>ρισν</em></strong></span> <span class='ocrx_word' id='word_1_4' title='bbox 176 433 242 500; x_wconf 90' lang='grc' dir='ltr'><strong><em>δ</em></strong></span> <span class='ocrx_word' id='word_1_5' title='bbox 225 461 241 500; x_wconf 94' lang='grc' dir='ltr'><strong><em>ο</em></strong></span> <span class='ocrx_word' id='word_1_6' title='bbox 272 435 424 518; x_wconf 86' lang='grc' dir='ltr'><strong><em>βασιλεύς</em></strong></span> <span class='ocrx_word' id='word_1_7' title='bbox 451 439 508 507; x_wconf 86' lang='grc' dir='ltr'><strong><em>τδν</em></strong></span> <span class='ocrx_word' id='word_1_8' title='bbox 525 444 703 528; x_wconf 84' lang='grc' dir='ltr'><strong><em>γογγυσμόν</em></strong></span> <span class='ocrx_word' id='word_1_9' title='bbox 733 448 795 512; x_wconf 74' lang='lat' dir='ltr'><strong>coin</strong></span> <span class='ocrx_word' id='word_1_10' title='bbox 813 449 946 530; x_wconf 74' lang='grc' dir='ltr'><strong><em>ξπολλύν</em></strong></span> <span class='ocrx_word' id='word_1_11' title='bbox 975 453 1031 516; x_wconf 80' lang='grc' dir='ltr'><strong><em>κατ’</em></strong></span> <span class='ocrx_word' id='word_1_12' title='bbox 1049 447 1108 535; x_wconf 75' lang='grc' dir='ltr'><strong><em>τὴν</em></strong></span> <span class='ocrx_word' id='word_1_13' title='bbox 1129 451 1185 515; x_wconf 76' lang='grc' dir='ltr'><strong><em>λδ-</em></strong></span> 
     </span>
     <span class='ocr_line' id='line_1_3' title="bbox 81 531 1221 674; baseline 0.011 -75"><span class='ocrx_word' id='word_1_14' title='bbox 81 559 206 660; x_wconf 84' lang='grc' dir='ltr'><strong><em>γοιισαν</em></strong></span> <span class='ocrx_word' id='word_1_15' title='bbox 227 535 336 625; x_wconf 79' lang='grc' dir='ltr'><strong><em>φήμην</em></strong></span> <span class='ocrx_word' id='word_1_16' title='bbox 362 531 409 605; x_wconf 83' lang='grc' dir='ltr'><strong><em>δτι</em></strong></span> <span class='ocrx_word' id='word_1_17' title='bbox 430 543 667 628; x_wconf 76' lang='grc' dir='ltr'><strong><em>φειδωλίας</em></strong></span> <span class='ocrx_word' id='word_1_18' title='bbox 634 572 671 611; x_wconf 91' lang='grc' dir='ltr'><strong><em>τα</em></strong></span> <span class='ocrx_word' id='word_1_19' title='bbox 690 543 858 629; x_wconf 78' lang='grc' dir='ltr'><strong><em>Ῥωμαίων</em></strong></span> <span class='ocrx_word' id='word_1_20' title='bbox 890 543 1129 674; x_wconf 80' lang='grc' dir='ltr'><strong><em>οἷπειιπολούντύ</em></strong></span> <span class='ocrx_word' id='word_1_21' title='bbox 1149 575 1185 616; x_wconf 88' lang='grc' dir='ltr'><strong><em>τε</em></strong></span> <span class='ocrx_word' id='word_1_22' title='bbox 1217 604 1221 611; x_wconf 95' lang='grc'>.</span> 
     </span>
     <span class='ocr_line' id='line_1_4' title="bbox 81 639 1182 737; baseline 0.013 -36"><span class='ocrx_word' id='word_1_23' title='bbox 81 641 140 704; x_wconf 80' lang='grc' dir='ltr'><strong><em>κατ’</em></strong></span> <span class='ocrx_word' id='word_1_24' title='bbox 162 642 405 724; x_wconf 38' lang='grc' dir='ltr'><strong><em>κατακροιᾝεντο</em></strong></span> <span class='ocrx_word' id='word_1_25' title='bbox 436 639 533 722; x_wconf 76' lang='grc' dir='ltr'><strong><em>ἔξεισι</em></strong></span> <span class='ocrx_word' id='word_1_26' title='bbox 564 648 620 730; x_wconf 81' lang='grc' dir='ltr'><strong><em>τῆς</em></strong></span> <span class='ocrx_word' id='word_1_27' title='bbox 640 648 889 736; x_wconf 78' lang='grc' dir='ltr'><strong><em>βασιλευούσης,</em></strong></span> <span class='ocrx_word' id='word_1_28' title='bbox 918 648 979 716; x_wconf 72' lang='grc' dir='ltr'><strong><em>κατ’</em></strong></span> <span class='ocrx_word' id='word_1_29' title='bbox 989 652 1182 737; x_wconf 83' lang='grc' dir='ltr'><strong><em>ιιαταντικρύ</em></strong></span> 
     </span>
     <span class='ocr_line' id='line_1_5' title="bbox 79 737 1187 835; baseline 0.012 -32"><span class='ocrx_word' id='word_1_30' title='bbox 79 738 143 803; x_wconf 86' lang='grc' dir='ltr'><strong><em>τού</em></strong></span> <span class='ocrx_word' id='word_1_31' title='bbox 164 737 310 824; x_wconf 85' lang='grc' dir='ltr'><strong><em>Ἀθύρος,</em></strong></span> <span class='ocrx_word' id='word_1_32' title='bbox 329 740 405 832; x_wconf 88' lang='grc' dir='ltr'><strong><em>περι</em></strong></span> <span class='ocrx_word' id='word_1_33' title='bbox 423 739 517 808; x_wconf 89' lang='grc' dir='ltr'><strong><em>τύπον</em></strong></span> <span class='ocrx_word' id='word_1_34' title='bbox 551 737 633 810; x_wconf 86' lang='grc' dir='ltr'><strong><em>ούτιο</em></strong></span> <span class='ocrx_word' id='word_1_35' title='bbox 654 745 851 830; x_wconf 84' lang='grc' dir='ltr'><strong><em>καλούμενον</em></strong></span> <span class='ocrx_word' id='word_1_36' title='bbox 870 749 1166 835; x_wconf 83' lang='grc' dir='ltr'><strong><em>Χοιροβύκχους,’</em></strong></span> <span class='ocrx_word' id='word_1_37' title='bbox 1152 776 1187 816; x_wconf 85' lang='grc' dir='ltr'><strong><em>εν</em></strong></span> 
     </span>
     <span class='ocr_line' id='line_1_6' title="bbox 35 829 1185 971; baseline 0.014 -71"><span class='ocrx_word' id='word_1_38' title='bbox 35 829 109 928; x_wconf 75' lang='grc' dir='ltr'><strong><em>5ᾦ</em></strong></span> <span class='ocrx_word' id='word_1_39' title='bbox 132 862 185 905; x_wconf 89' lang='grc' dir='ltr'><strong><em>και</em></strong></span> <span class='ocrx_word' id='word_1_40' title='bbox 179 837 374 960; x_wconf 85' lang='grc' dir='ltr'><strong><em>βιισιλικύς</em></strong></span> <span class='ocrx_word' id='word_1_41' title='bbox 380 841 651 967; x_wconf 80' lang='grc' dir='ltr'><strong><em>παριιπεπήχασι</em></strong></span> <span class='ocrx_word' id='word_1_42' title='bbox 683 846 829 931; x_wconf 72' lang='grc' dir='ltr'><strong><em>κτήσεις,</em></strong></span> <span class='ocrx_word' id='word_1_43' title='bbox 860 848 978 936; x_wconf 74' lang='grc' dir='ltr'><strong><em>σκηνὰς</em></strong></span> <span class='ocrx_word' id='word_1_44' title='bbox 999 850 1120 971; x_wconf 38' lang='lat' dir='ltr'><strong><em>tormer</em></strong></span> <span class='ocrx_word' id='word_1_45' title='bbox 1104 849 1185 935; x_wconf 81' lang='grc' dir='ltr'><strong><em>επή-</em></strong></span> 
     </span>
     <span class='ocr_line' id='line_1_7' title="bbox 82 939 1185 1056; baseline 0.009 -52"><span class='ocrx_word' id='word_1_46' title='bbox 82 944 164 1056; x_wconf 81' lang='grc' dir='ltr'><strong><em>ξοιτο</em></strong></span> <span class='ocrx_word' id='word_1_47' title='bbox 187 964 240 1005; x_wconf 87' lang='grc' dir='ltr'><strong><em>και</em></strong></span> <span class='ocrx_word' id='word_1_48' title='bbox 262 944 323 1006; x_wconf 72' lang='grc' dir='ltr'><strong><em>τοῖν</em></strong></span> <span class='ocrx_word' id='word_1_49' title='bbox 347 939 408 1008; x_wconf 90' lang='grc' dir='ltr'><strong><em>σύν</em></strong></span> <span class='ocrx_word' id='word_1_50' title='bbox 430 943 527 1032; x_wconf 76' lang='grc' dir='ltr'><strong><em>αύτῷ.</em></strong></span> <span class='ocrx_word' id='word_1_51' title='bbox 582 947 638 1010; x_wconf 83' lang='grc' dir='ltr'><strong><em>ιιαί</em></strong></span> <span class='ocrx_word' id='word_1_52' title='bbox 659 941 741 1032; x_wconf 86' lang='grc' dir='ltr'><strong><em>ησαν</em></strong></span> <span class='ocrx_word' id='word_1_53' title='bbox 761 952 888 1026; x_wconf 83' lang='grc' dir='ltr'><strong><em>πλείους</em></strong></span> <span class='ocrx_word' id='word_1_54' title='bbox 907 952 968 1015; x_wconf 78' lang='grc' dir='ltr'><strong><em>τῶν</em></strong></span> <span class='ocrx_word' id='word_1_55' title='bbox 992 950 1046 1034; x_wconf 89' lang='grc' dir='ltr'><strong><em>ρν’,</em></strong></span> <span class='ocrx_word' id='word_1_56' title='bbox 1066 952 1105 1014; x_wconf 90' lang='grc' dir='ltr'><strong><em>ού</em></strong></span> <span class='ocrx_word' id='word_1_57' title='bbox 1125 975 1185 1014; x_wconf 93' lang='grc' dir='ltr'><strong><em>πο-</em></strong></span> 
     </span>
     <span class='ocr_line' id='line_1_8' title="bbox 81 1034 1187 1134; baseline 0.011 -30"><span class='ocrx_word' id='word_1_58' title='bbox 81 1034 198 1124; x_wconf 87' lang='grc' dir='ltr'><strong><em>σύτητι</em></strong></span> <span class='ocrx_word' id='word_1_59' title='bbox 223 1044 355 1122; x_wconf 74' lang='grc' dir='ltr'><strong><em>μείζονι.</em></strong></span> <span class='ocrx_word' id='word_1_60' title='bbox 406 1036 486 1108; x_wconf 66' lang='grc' dir='ltr'><strong><em>,ὅθεν</em></strong></span> <span class='ocrx_word' id='word_1_61' title='bbox 508 1047 563 1108; x_wconf 86' lang='grc' dir='ltr'><strong><em>καί</em></strong></span> <span class='ocrx_word' id='word_1_62' title='bbox 584 1053 711 1124; x_wconf 80' lang='grc' dir='ltr'><strong><em>πολλοῖς</em></strong></span> <span class='ocrx_word' id='word_1_63' title='bbox 729 1048 913 1131; x_wconf 79' lang='grc' dir='ltr'><strong><em>’θαυμάζειν</em></strong></span> <span class='ocrx_word' id='word_1_64' title='bbox 943 1051 1085 1134; x_wconf 74' lang='grc' dir='ltr'><strong><em>ἐπῆλθει</em></strong></span> <span class='ocrx_word' id='word_1_65' title='bbox 1100 1043 1187 1127; x_wconf 81' lang='grc' dir='ltr'><strong><em>ὅπως</em></strong></span> 
     </span>
     <span class='ocr_line' id='line_1_9' title="bbox 79 1140 1186 1237; baseline 0.011 -32"><span class='ocrx_word' id='word_1_66' title='bbox 79 1140 275 1225; x_wconf 87' lang='grc' dir='ltr'><strong><em>τηλικαύτην</em></strong></span> <span class='ocrx_word' id='word_1_67' title='bbox 308 1141 404 1226; x_wconf 87' lang='grc' dir='ltr'><strong><em>ἰσχύν</em></strong></span> <span class='ocrx_word' id='word_1_68' title='bbox 433 1143 512 1225; x_wconf 84' lang='grc' dir='ltr'><strong><em>μετοὶ</em></strong></span> <span class='ocrx_word' id='word_1_69' title='bbox 532 1145 690 1213; x_wconf 78' lang='grc' dir='ltr'><strong><em>τοσούτων</em></strong></span> <span class='ocrx_word' id='word_1_70' title='bbox 714 1147 731 1214; x_wconf 81' lang='grc' dir='ltr'><strong><em>ὅ</em></strong></span> <span class='ocrx_word' id='word_1_71' title='bbox 752 1148 904 1233; x_wconf 89' lang='grc' dir='ltr'><strong><em>βασιλεύς</em></strong></span> <span class='ocrx_word' id='word_1_72' title='bbox 927 1151 1109 1237; x_wconf 77' lang='grc' dir='ltr'><strong><em>α’νδραρύοον</em></strong></span> <span class='ocrx_word' id='word_1_73' title='bbox 1130 1153 1186 1237; x_wconf 80' lang='grc' dir='ltr'><strong><em>τῆς</em></strong></span> 
     </span>
     <span class='ocr_line' id='line_1_10' title="bbox 79 1239 1187 1373; baseline 0.009 -68"><span class='ocrx_word' id='word_1_74' title='bbox 79 1239 316 1328; x_wconf 81' lang='grc' dir='ltr'><strong><em>βασιλευούσης</em></strong></span> <span class='ocrx_word' id='word_1_75' title='bbox 339 1240 576 1335; x_wconf 77' lang='grc' dir='ltr'><strong><em>ύπανεχούρησι,</em></strong></span> <span class='ocrx_word' id='word_1_76' title='bbox 598 1250 668 1314; x_wconf 82' lang='grc' dir='ltr'><strong><em>δέου</em></strong></span> <span class='ocrx_word' id='word_1_77' title='bbox 688 1247 837 1366; x_wconf 78' lang='grc' dir='ltr'><strong><em>πρότεροι</em></strong></span> <span class='ocrx_word' id='word_1_78' title='bbox 850 1250 907 1327; x_wconf 86' lang='grc' dir='ltr'><strong><em>τοὶς</em></strong></span> <span class='ocrx_word' id='word_1_79' title='bbox 927 1248 1010 1328; x_wconf 78' lang='grc' dir='ltr'><strong><em>ἓύας</em></strong></span> <span class='ocrx_word' id='word_1_80' title='bbox 1033 1248 1187 1373; x_wconf 78' lang='grc' dir='ltr'><strong><em>δυνάμεις</em></strong></span> 
     </span>
     <span class='ocr_line' id='line_1_11' title="bbox 13 1337 1185 1440; baseline 0.01 -36"><span class='ocrx_word' id='word_1_81' title='bbox 13 1361 68 1416; x_wconf 83' lang='lat'><strong><em>10</em></strong></span> <span class='ocrx_word' id='word_1_82' title='bbox 79 1349 275 1423; x_wconf 78' lang='grc' dir='ltr'><strong><em>συναγαγεῖν</em></strong></span> <span class='ocrx_word' id='word_1_83' title='bbox 295 1366 348 1406; x_wconf 90' lang='grc' dir='ltr'><strong><em>και</em></strong></span> <span class='ocrx_word' id='word_1_84' title='bbox 374 1337 476 1424; x_wconf 84' lang='grc' dir='ltr'><strong><em>ούταις</em></strong></span> <span class='ocrx_word' id='word_1_85' title='bbox 496 1353 668 1437; x_wconf 75' lang='grc' dir='ltr'><strong><em>ἐξορμῆσαι</em></strong></span> <span class='ocrx_word' id='word_1_86' title='bbox 689 1348 769 1434; x_wconf 79' lang='grc' dir='ltr'><strong><em>πρὸς</em></strong></span> <span class='ocrx_word' id='word_1_87' title='bbox 800 1347 839 1414; x_wconf 84' lang='grc' dir='ltr'><strong><em>τοὶ</em></strong></span> <span class='ocrx_word' id='word_1_88' title='bbox 861 1345 1003 1436; x_wconf 81' lang='grc' dir='ltr'><strong><em>εσπέρια</em></strong></span> <span class='ocrx_word' id='word_1_89' title='bbox 1046 1375 1100 1416; x_wconf 90' lang='grc' dir='ltr'><strong><em>και</em></strong></span> <span class='ocrx_word' id='word_1_90' title='bbox 1101 1352 1185 1440; x_wconf 75' lang='grc' dir='ltr'><strong><em>ἐρύ-</em></strong></span> 
     </span>
     <span class='ocr_line' id='line_1_12' title="bbox 81 1443 1186 1568; baseline 0.01 -64"><span class='ocrx_word' id='word_1_91' title='bbox 81 1463 134 1504; x_wconf 84' lang='grc' dir='ltr'><strong><em>κει</em></strong></span> <span class='ocrx_word' id='word_1_92' title='bbox 154 1464 191 1526; x_wconf 88' lang='grc' dir='ltr'><strong><em>τη</em></strong></span> <span class='ocrx_word' id='word_1_93' title='bbox 179 1443 414 1568; x_wconf 77' lang='grc' dir='ltr'><strong><em>μυθευομὲνιι</em></strong></span> <span class='ocrx_word' id='word_1_94' title='bbox 437 1469 492 1514; x_wconf 91' lang='grc' dir='ltr'><strong><em>του</em></strong></span> <span class='ocrx_word' id='word_1_95' title='bbox 480 1450 665 1517; x_wconf 88' lang='grc' dir='ltr'><strong><em>Διονύσου</em></strong></span> <span class='ocrx_word' id='word_1_96' title='bbox 690 1454 834 1539; x_wconf 83' lang='grc' dir='ltr'><strong><em>στρατιᾶ,</em></strong></span> <span class='ocrx_word' id='word_1_97' title='bbox 857 1475 910 1516; x_wconf 89' lang='grc' dir='ltr'><strong><em>οτε</em></strong></span> <span class='ocrx_word' id='word_1_98' title='bbox 922 1449 1000 1534; x_wconf 72' lang='grc' dir='ltr'><strong><em>μετὰ</em></strong></span> <span class='ocrx_word' id='word_1_99' title='bbox 1022 1454 1084 1518; x_wconf 75' lang='grc' dir='ltr'><strong><em>τῶν</em></strong></span> <span class='ocrx_word' id='word_1_100' title='bbox 1104 1476 1186 1531; x_wconf 87' lang='grc' dir='ltr'><strong><em>μιιι-</em></strong></span> 
     </span>
     <span class='ocr_line' id='line_1_13' title="bbox 81 1537 1262 1638; baseline 0.011 -32"><span class='ocrx_word' id='word_1_101' title='bbox 81 1537 230 1606; x_wconf 79' lang='grc' dir='ltr'><strong><em>κάδων</em></strong></span> <span class='ocrx_word' id='word_1_102' title='bbox 214 1549 330 1620; x_wconf 84' lang='grc' dir='ltr'><strong><em>εκεῖνος</em></strong></span> <span class='ocrx_word' id='word_1_103' title='bbox 350 1569 418 1610; x_wconf 88' lang='grc' dir='ltr'><strong><em>και-</em></strong></span> <span class='ocrx_word' id='word_1_104' title='bbox 415 1572 487 1615; x_wconf 88' lang='grc' dir='ltr'><strong><em>-ταιν</em></strong></span> <span class='ocrx_word' id='word_1_105' title='bbox 505 1553 665 1638; x_wconf 81' lang='grc' dir='ltr'><strong><em>Σειληνιύν</em></strong></span> <span class='ocrx_word' id='word_1_106' title='bbox 694 1554 811 1636; x_wconf 87' lang='grc' dir='ltr'><strong><em>ταύτην</em></strong></span> <span class='ocrx_word' id='word_1_107' title='bbox 833 1555 880 1617; x_wconf 78' lang='grc' dir='ltr'><strong><em>ἐπ’</em></strong></span> <span class='ocrx_word' id='word_1_108' title='bbox 902 1549 1019 1628; x_wconf 82' lang='grc' dir='ltr'><strong><em>Ἰνδούς</em></strong></span> <span class='ocrx_word' id='word_1_109' title='bbox 1040 1545 1186 1637; x_wconf 76' lang='grc' dir='ltr'><strong><em>ἤλαυνεν</em></strong></span> <span class='ocrx_word' id='word_1_110' title='bbox 1247 1584 1262 1636; x_wconf 53' lang='grc'><strong><em>,-</em></strong></span> 
     </span>
     <span class='ocr_line' id='line_1_14' title="bbox 82 1638 1186 1776; baseline 0.012 -70"><span class='ocrx_word' id='word_1_111' title='bbox 82 1643 120 1706; x_wconf 76' lang='grc' dir='ltr'><strong><em>ἐν</em></strong></span> <span class='ocrx_word' id='word_1_112' title='bbox 141 1638 268 1730; x_wconf 87' lang='grc' dir='ltr'><strong><em>τοιαύτη</em></strong></span> <span class='ocrx_word' id='word_1_113' title='bbox 301 1647 336 1710; x_wconf 84' lang='grc' dir='ltr'><strong><em>δὲ</em></strong></span> <span class='ocrx_word' id='word_1_114' title='bbox 355 1647 468 1714; x_wconf 90' lang='grc' dir='ltr'><strong><em>τούτου</em></strong></span> <span class='ocrx_word' id='word_1_115' title='bbox 490 1657 678 1776; x_wconf 78' lang='grc' dir='ltr'><strong><em>παρασιευῇ</em></strong></span> <span class='ocrx_word' id='word_1_116' title='bbox 698 1658 916 1740; x_wconf 82' lang='grc' dir='ltr'><strong><em>καθεστατος,</em></strong></span> <span class='ocrx_word' id='word_1_117' title='bbox 935 1652 1092 1739; x_wconf 78' lang='grc' dir='ltr'><strong><em>δρομαΐού</em></strong></span> <span class='ocrx_word' id='word_1_118' title='bbox 1102 1679 1186 1732; x_wconf 87' lang='grc' dir='ltr'><strong><em>τινες</em></strong></span> 
     </span>
     <span class='ocr_line' id='line_1_15' title="bbox 82 1739 1186 1880; baseline 0.012 -73"><span class='ocrx_word' id='word_1_119' title='bbox 82 1744 120 1807; x_wconf 81' lang='grc' dir='ltr'><strong><em>ἕιι</em></strong></span> <span class='ocrx_word' id='word_1_120' title='bbox 149 1742 211 1808; x_wconf 75' lang='grc' dir='ltr'><strong><em>τῶν</em></strong></span> <span class='ocrx_word' id='word_1_121' title='bbox 230 1739 475 1830; x_wconf 79' lang='grc' dir='ltr'><strong><em>ἀπεσταλμένων</em></strong></span> <span class='ocrx_word' id='word_1_122' title='bbox 504 1753 550 1828; x_wconf 94' lang='grc' dir='ltr'><strong><em>εις</em></strong></span> <span class='ocrx_word' id='word_1_123' title='bbox 577 1752 633 1819; x_wconf 87' lang='grc' dir='ltr'><strong><em>τὸν</em></strong></span> <span class='ocrx_word' id='word_1_124' title='bbox 646 1747 769 1839; x_wconf 86' lang='grc' dir='ltr'><strong><em>Ιστρον</em></strong></span> <span class='ocrx_word' id='word_1_125' title='bbox 796 1751 1020 1832; x_wconf 79' lang='grc' dir='ltr'><strong><em>ἐπανελθόντες</em></strong></span> <span class='ocrx_word' id='word_1_126' title='bbox 1030 1758 1186 1880; x_wconf 78' lang='grc' dir='ltr'><strong><em>παιτελῆ</em></strong></span> 
     </span>
     <span class='ocr_line' id='line_1_16' title="bbox 20 1842 1186 1944; baseline 0.014 -34"><span class='ocrx_word' id='word_1_127' title='bbox 20 1847 143 1918; x_wconf 79' lang='grc' dir='ltr'><strong>15τοιῖ</strong></span> <span class='ocrx_word' id='word_1_128' title='bbox 165 1842 278 1922; x_wconf 77' lang='grc' dir='ltr'><strong><em>ἔθνους</em></strong></span> <span class='ocrx_word' id='word_1_129' title='bbox 299 1847 492 1933; x_wconf 80' lang='grc' dir='ltr'><strong><em>α’πήγγειλαν</em></strong></span> <span class='ocrx_word' id='word_1_130' title='bbox 512 1849 656 1942; x_wconf 75' lang='grc' dir='ltr'><strong><em>ὄλεθροι.</em></strong></span> <span class='ocrx_word' id='word_1_131' title='bbox 699 1858 961 1944; x_wconf 78' lang='grc' dir='ltr'><strong><em>προέφθασαν</em></strong></span> <span class='ocrx_word' id='word_1_132' title='bbox 924 1883 986 1942; x_wconf 86' lang='grc' dir='ltr'><strong><em>γαρ</em></strong></span> <span class='ocrx_word' id='word_1_133' title='bbox 1010 1855 1040 1920; x_wconf 80' lang='grc' dir='ltr'><strong><em>οἱ</em></strong></span> <span class='ocrx_word' id='word_1_134' title='bbox 1064 1859 1186 1939; x_wconf 79' lang='grc' dir='ltr'><strong><em>αἰχμα-</em></strong></span> 
     </span>
     <span class='ocr_line' id='line_1_17' title="bbox 80 1949 1186 2044; baseline 0.01 -35"><span class='ocrx_word' id='word_1_135' title='bbox 80 1949 290 2025; x_wconf 78' lang='grc' dir='ltr'><strong><em>λωτισθέντες</em></strong></span> <span class='ocrx_word' id='word_1_136' title='bbox 310 1951 459 2034; x_wconf 74' lang='grc' dir='ltr'><strong><em>ἡγεμόνες</em></strong></span> <span class='ocrx_word' id='word_1_137' title='bbox 487 1953 649 2044; x_wconf 75' lang='grc' dir='ltr'><strong><em>ῥυσθῆναι</em></strong></span> <span class='ocrx_word' id='word_1_138' title='bbox 670 1961 726 2042; x_wconf 82' lang='grc' dir='ltr'><strong><em>τῆς</em></strong></span> <span class='ocrx_word' id='word_1_139' title='bbox 746 1961 873 2022; x_wconf 78' lang='grc' dir='ltr'><strong><em>ἐκείνων</em></strong></span> <span class='ocrx_word' id='word_1_140' title='bbox 891 1957 1010 2044; x_wconf 86' lang='grc' dir='ltr'><strong><em>χειρός,</em></strong></span> <span class='ocrx_word' id='word_1_141' title='bbox 1028 1955 1085 2021; x_wconf 82' lang='grc' dir='ltr'><strong><em>καί</em></strong></span> <span class='ocrx_word' id='word_1_142' title='bbox 1103 1954 1186 2040; x_wconf 74' lang='grc' dir='ltr'><strong><em>γνού-</em></strong></span> 
     </span>
     <span class='ocr_line' id='line_1_18' title="bbox 80 2049 1237 2145; baseline 0.02 -32"><span class='ocrx_word' id='word_1_143' title='bbox 80 2074 149 2132; x_wconf 88' lang='grc' dir='ltr'><strong><em>μας</em></strong></span> <span class='ocrx_word' id='word_1_144' title='bbox 169 2049 393 2133; x_wconf 79' lang='grc' dir='ltr'><strong><em>εἷσενεγκόντες</em></strong></span> <span class='ocrx_word' id='word_1_145' title='bbox 414 2059 469 2140; x_wconf 81' lang='grc' dir='ltr'><strong><em>τῆς</em></strong></span> <span class='ocrx_word' id='word_1_146' title='bbox 502 2060 616 2125; x_wconf 73' lang='grc' dir='ltr'><strong><em>αύτοῖν</em></strong></span> <span class='ocrx_word' id='word_1_147' title='bbox 642 2055 861 2141; x_wconf 87' lang='grc' dir='ltr'><strong><em>καταλύσεως,</em></strong></span> <span class='ocrx_word' id='word_1_148' title='bbox 895 2057 1071 2145; x_wconf 67' lang='grc' dir='ltr'><strong><em>φράζοντες</em></strong></span> <span class='ocrx_word' id='word_1_149' title='bbox 1088 2056 1131 2133; x_wconf 65' lang='grc' dir='ltr'><strong><em>ὥς</em></strong></span> <span class='ocrx_word' id='word_1_150' title='bbox 1156 2057 1187 2124; x_wconf 74' lang='grc' dir='ltr'><strong><em>θῖ</em></strong></span> <span class='ocrx_word' id='word_1_151' title='bbox 1235 2054 1237 2057; x_wconf 12' lang='lat' dir='ltr'>V</span> 
     </span>
     <span class='ocr_line' id='line_1_19' title="bbox 80 2149 1186 2246; baseline 0.008 -32.26"><span class='ocrx_word' id='word_1_152' title='bbox 80 2152 145 2232; x_wconf 83' lang='grc' dir='ltr'><strong><em>μὲν</em></strong></span> <span class='ocrx_word' id='word_1_153' title='bbox 129 2149 298 2233; x_wconf 82' lang='grc' dir='ltr'><strong><em>νλογύδις</em></strong></span> <span class='ocrx_word' id='word_1_154' title='bbox 323 2155 386 2219; x_wconf 81' lang='grc' dir='ltr'><strong><em>τιὸν</em></strong></span> <span class='ocrx_word' id='word_1_155' title='bbox 403 2151 516 2236; x_wconf 83' lang='grc' dir='ltr'><strong><em>Ουζαιν</em></strong></span> <span class='ocrx_word' id='word_1_156' title='bbox 535 2156 691 2246; x_wconf 83' lang='grc' dir='ltr'><strong><em>σιιύφεσιν</em></strong></span> <span class='ocrx_word' id='word_1_157' title='bbox 717 2158 869 2241; x_wconf 78' lang='grc' dir='ltr'><strong><em>ἐμβάντες</em></strong></span> <span class='ocrx_word' id='word_1_158' title='bbox 896 2161 1082 2244; x_wconf 78' lang='grc' dir='ltr'><strong><em>παραινέσει</em></strong></span> <span class='ocrx_word' id='word_1_159' title='bbox 1105 2159 1186 2243; x_wconf 71' lang='lat' dir='ltr'><strong>[noc]</strong></span> 
     </span>
     <span class='ocr_line' id='line_1_20' title="bbox 81 2249 1205 2342; baseline 0.007 -28"><span class='ocrx_word' id='word_1_160' title='bbox 81 2251 148 2314; x_wconf 76' lang='grc' dir='ltr'><strong><em>τοῖν</em></strong></span> <span class='ocrx_word' id='word_1_161' title='bbox 165 2249 397 2332; x_wconf 58' lang='lat' dir='ltr'><strong>‘Postulans&#39;</strong></span> <span class='ocrx_word' id='word_1_162' title='bbox 376 2259 487 2340; x_wconf 80' lang='grc' dir='ltr'><strong><em>αρχοὸν</em></strong></span> <span class='ocrx_word' id='word_1_163' title='bbox 511 2261 574 2323; x_wconf 69' lang='grc' dir='ltr'><strong><em>τοῖν</em></strong></span> <span class='ocrx_word' id='word_1_164' title='bbox 596 2262 630 2324; x_wconf 79' lang='grc' dir='ltr'><strong><em>ἐν</em></strong></span> <span class='ocrx_word' id='word_1_165' title='bbox 650 2267 716 2335; x_wconf 82' lang='grc' dir='ltr'><strong><em>τοῖς</em></strong></span> <span class='ocrx_word' id='word_1_166' title='bbox 742 2260 901 2342; x_wconf 82' lang='grc' dir='ltr'><strong><em>Ὶστριιιοῖς</em></strong></span> <span class='ocrx_word' id='word_1_167' title='bbox 922 2264 1042 2341; x_wconf 86' lang='grc' dir='ltr'><strong><em>χειλεσι</em></strong></span> <span class='ocrx_word' id='word_1_168' title='bbox 1064 2249 1205 2322; x_wconf 79' lang='grc' dir='ltr'><strong><em>πόλεων</em></strong></span> 
     </span>
     <span class='ocr_line' id='line_1_21' title="bbox 28 2339 1185 2445; baseline 0.007 -29"><span class='ocrx_word' id='word_1_169' title='bbox 28 2370 72 2427; x_wconf 83' lang='lat'><strong><em>20</em></strong></span> <span class='ocrx_word' id='word_1_170' title='bbox 82 2373 142 2417; x_wconf 90' lang='grc' dir='ltr'><strong><em>τον</em></strong></span> <span class='ocrx_word' id='word_1_171' title='bbox 151 2339 274 2438; x_wconf 79' lang='grc' dir='ltr'><strong><em>Ιστρον</em></strong></span> <span class='ocrx_word' id='word_1_172' title='bbox 295 2354 526 2443; x_wconf 70' lang='grc' dir='ltr'><strong><em>διαβεβήκεσαν</em></strong></span> <span class='ocrx_word' id='word_1_173' title='bbox 551 2385 604 2428; x_wconf 90' lang='grc' dir='ltr'><strong><em>και</em></strong></span> <span class='ocrx_word' id='word_1_174' title='bbox 625 2359 671 2434; x_wconf 83' lang='grc' dir='ltr'><strong><em>εἰς</em></strong></span> <span class='ocrx_word' id='word_1_175' title='bbox 690 2384 748 2443; x_wconf 85' lang='grc' dir='ltr'><strong><em>την</em></strong></span> <span class='ocrx_word' id='word_1_176' title='bbox 772 2362 864 2445; x_wconf 80' lang='grc' dir='ltr'><strong><em>σφοῖν</em></strong></span> <span class='ocrx_word' id='word_1_177' title='bbox 879 2360 985 2424; x_wconf 80' lang='grc' dir='ltr'><strong><em>αύτούν</em></strong></span> <span class='ocrx_word' id='word_1_178' title='bbox 1006 2360 1185 2443; x_wconf 77' lang='grc' dir='ltr'><strong><em>ἑπανδδρα-</em></strong></span> 
     </span>
     <span class='ocr_line' id='line_1_22' title="bbox 79 2452 1183 2546; baseline 0.009 -33"><span class='ocrx_word' id='word_1_179' title='bbox 79 2472 156 2534; x_wconf 90' lang='grc' dir='ltr'><strong><em>μον,</em></strong></span> <span class='ocrx_word' id='word_1_180' title='bbox 181 2452 210 2516; x_wconf 81' lang='grc' dir='ltr'><strong><em>οἱ</em></strong></span> <span class='ocrx_word' id='word_1_181' title='bbox 231 2455 267 2519; x_wconf 75' lang='grc' dir='ltr'><strong><em>δὲ</em></strong></span> <span class='ocrx_word' id='word_1_182' title='bbox 297 2461 575 2545; x_wconf 81' lang='grc' dir='ltr'><strong><em>περιλειφθέντες,</em></strong></span> <span class='ocrx_word' id='word_1_183' title='bbox 599 2464 721 2546; x_wconf 87' lang='grc' dir='ltr'><strong><em>πληθος</em></strong></span> <span class='ocrx_word' id='word_1_184' title='bbox 744 2484 797 2525; x_wconf 91' lang='grc' dir='ltr'><strong><em>και</em></strong></span> <span class='ocrx_word' id='word_1_185' title='bbox 820 2455 923 2535; x_wconf 86' lang='grc' dir='ltr'><strong><em>ούτοις</em></strong></span> <span class='ocrx_word' id='word_1_186' title='bbox 945 2461 1124 2544; x_wconf 83' lang='grc' dir='ltr'><strong><em>α’μύθητον,</em></strong></span> <span class='ocrx_word' id='word_1_187' title='bbox 1148 2458 1183 2525; x_wconf 86' lang='grc' dir='ltr'><strong><em>τύ</em></strong></span> 
     </span>
     <span class='ocr_line' id='line_1_23' title="bbox 80 2554 1186 2677; baseline 0.01 -61"><span class='ocrx_word' id='word_1_188' title='bbox 80 2554 142 2633; x_wconf 79' lang='grc' dir='ltr'><strong><em>μέν</em></strong></span> <span class='ocrx_word' id='word_1_189' title='bbox 163 2576 191 2617; x_wconf 87' lang='grc' dir='ltr'><strong><em>τι</em></strong></span> <span class='ocrx_word' id='word_1_190' title='bbox 215 2554 296 2673; x_wconf 79' lang='grc' dir='ltr'><strong><em>νόιιιιι</em></strong></span> <span class='ocrx_word' id='word_1_191' title='bbox 330 2561 458 2677; x_wconf 79' lang='grc' dir='ltr'><strong><em>λοιμιιιῇ</em></strong></span> <span class='ocrx_word' id='word_1_192' title='bbox 488 2586 541 2625; x_wconf 89' lang='grc' dir='ltr'><strong><em>και</em></strong></span> <span class='ocrx_word' id='word_1_193' title='bbox 537 2562 643 2651; x_wconf 77' lang='grc' dir='ltr'><strong><em>λιμῷ</em></strong></span> <span class='ocrx_word' id='word_1_194' title='bbox 669 2565 937 2648; x_wconf 77' lang='grc' dir='ltr'><strong><em>καταπονηθέντες</em></strong></span> <span class='ocrx_word' id='word_1_195' title='bbox 966 2585 1020 2626; x_wconf 87' lang='grc' dir='ltr'><strong><em>και</em></strong></span> <span class='ocrx_word' id='word_1_196' title='bbox 1015 2560 1186 2645; x_wconf 82' lang='grc' dir='ltr'><strong><em>ημιθνῆ-</em></strong></span> 
     </span>
     <span class='ocr_line' id='line_1_24' title="bbox 83 2652 1186 2783; baseline 0.009 -66"><span class='ocrx_word' id='word_1_197' title='bbox 83 2674 134 2728; x_wconf 89' lang='grc' dir='ltr'><strong><em>τες</em></strong></span> <span class='ocrx_word' id='word_1_198' title='bbox 155 2652 371 2740; x_wconf 80' lang='grc' dir='ltr'><strong><em>τυγχάνοντες,</em></strong></span> <span class='ocrx_word' id='word_1_199' title='bbox 393 2657 425 2726; x_wconf 89' lang='grc' dir='ltr'>τό</span> <span class='ocrx_word' id='word_1_200' title='bbox 452 2662 487 2727; x_wconf 79' lang='grc' dir='ltr'><strong><em>δὲ</em></strong></span> <span class='ocrx_word' id='word_1_201' title='bbox 498 2688 552 2730; x_wconf 89' lang='grc' dir='ltr'><strong><em>και</em></strong></span> <span class='ocrx_word' id='word_1_202' title='bbox 570 2670 635 2740; x_wconf 91' lang='grc' dir='ltr'><strong><em>τοις</em></strong></span> <span class='ocrx_word' id='word_1_203' title='bbox 655 2666 898 2783; x_wconf 79' lang='grc' dir='ltr'><strong><em>παραιιειμένοις</em></strong></span> <span class='ocrx_word' id='word_1_204' title='bbox 912 2661 1111 2747; x_wconf 86' lang='grc' dir='ltr'><strong><em>Βουλγύροις</em></strong></span> <span class='ocrx_word' id='word_1_205' title='bbox 1131 2664 1186 2727; x_wconf 85' lang='grc' dir='ltr'><strong><em>καί</em></strong></span> 
     </span>
     <span class='ocr_line' id='line_1_25' title="bbox 80 2756 1183 2854; baseline 0.011 -37"><span class='ocrx_word' id='word_1_206' title='bbox 80 2760 148 2829; x_wconf 82' lang='grc' dir='ltr'><strong><em>τοῖς</em></strong></span> <span class='ocrx_word' id='word_1_207' title='bbox 166 2756 382 2837; x_wconf 84' lang='grc' dir='ltr'><strong><em>Ποτζινύιιοις</em></strong></span> <span class='ocrx_word' id='word_1_208' title='bbox 402 2769 721 2852; x_wconf 76' lang='grc' dir='ltr'><strong><em>καταπολεμηθέντες,</em></strong></span> <span class='ocrx_word' id='word_1_209' title='bbox 743 2758 845 2851; x_wconf 81' lang='grc' dir='ltr'><strong><em>ἄρδην</em></strong></span> <span class='ocrx_word' id='word_1_210' title='bbox 875 2762 1039 2831; x_wconf 85' lang='grc' dir='ltr'><strong><em>α’πούλοντο</em></strong></span> <span class='ocrx_word' id='word_1_211' title='bbox 1060 2762 1183 2854; x_wconf 73' lang='grc' dir='ltr'><strong><em>σιδηριρ</em></strong></span> 
     </span>
    </p>
   </div>
   <div class='ocr_carea' id='block_1_3' title="bbox 32 2922 1209 4255">
    <p class='ocr_par' dir='ltr' id='par_1_3' title="bbox 32 2922 1209 4255">
     <span class='ocr_line' id='line_1_26' title="bbox 86 2922 1184 3039; baseline 0.001 -19"><span class='ocrx_word' id='word_1_212' title='bbox 86 2970 201 3025; x_wconf 81' lang='lat' dir='ltr'><strong>Graecas</strong></span> <span class='ocrx_word' id='word_1_213' title='bbox 219 2922 297 3037; x_wconf 82' lang='lat' dir='ltr'><strong>prodi</strong></span> <span class='ocrx_word' id='word_1_214' title='bbox 316 2975 343 3019; x_wconf 89' lang='lat' dir='ltr'><strong><em>et</em></strong></span> <span class='ocrx_word' id='word_1_215' title='bbox 366 2968 501 3037; x_wconf 84' lang='lat' dir='ltr'><strong>proiectas</strong></span> <span class='ocrx_word' id='word_1_216' title='bbox 521 2984 599 3035; x_wconf 87' lang='lat' dir='ltr'><strong>esse,</strong></span> <span class='ocrx_word' id='word_1_217' title='bbox 626 2970 762 3039; x_wconf 76' lang='lat' dir='ltr'><strong>egreditur</strong></span> <span class='ocrx_word' id='word_1_218' title='bbox 789 2971 865 3038; x_wconf 80' lang='lat' dir='ltr'><strong>regia</strong></span> <span class='ocrx_word' id='word_1_219' title='bbox 895 2975 923 3021; x_wconf 87' lang='lat' dir='ltr'><strong><em>et</em></strong></span> <span class='ocrx_word' id='word_1_220' title='bbox 939 2970 1067 3037; x_wconf 72' lang='lat' dir='ltr'><strong>sdversns</strong></span> <span class='ocrx_word' id='word_1_221' title='bbox 1093 2970 1184 3037; x_wconf 70' lang='lat' dir='ltr'><strong>Athy.</strong></span> 
     </span>
     <span class='ocr_line' id='line_1_27' title="bbox 83 3039 1183 3109; baseline -0.003 -17"><span class='ocrx_word' id='word_1_222' title='bbox 83 3056 141 3093; x_wconf 85' lang='lat' dir='ltr'><strong>reru</strong></span> <span class='ocrx_word' id='word_1_223' title='bbox 161 3041 232 3091; x_wconf 90' lang='lat' dir='ltr'><strong>circa</strong></span> <span class='ocrx_word' id='word_1_224' title='bbox 259 3039 365 3104; x_wconf 90' lang='lat' dir='ltr'><strong>locum,</strong></span> <span class='ocrx_word' id='word_1_225' title='bbox 391 3041 435 3109; x_wconf 89' lang='lat' dir='ltr'><strong><em>qui</em></strong></span> <span class='ocrx_word' id='word_1_226' title='bbox 462 3041 608 3093; x_wconf 83' lang='lat' dir='ltr'><strong>vocabatur</strong></span> <span class='ocrx_word' id='word_1_227' title='bbox 630 3039 870 3105; x_wconf 84' lang='lat' dir='ltr'><strong>Choerobacchns‚</strong></span> <span class='ocrx_word' id='word_1_228' title='bbox 895 3042 924 3092; x_wconf 91' lang='lat' dir='ltr'><strong>in</strong></span> <span class='ocrx_word' id='word_1_229' title='bbox 949 3056 1001 3109; x_wconf 92' lang='lat' dir='ltr'><strong><em>quo</em></strong></span> <span class='ocrx_word' id='word_1_230' title='bbox 1031 3042 1109 3092; x_wconf 89' lang='lat' dir='ltr'><strong>etiam</strong></span> <span class='ocrx_word' id='word_1_231' title='bbox 1136 3055 1183 3091; x_wconf 88' lang='lat' dir='ltr'><strong><em>re.</em></strong></span> 
     </span>
     <span class='ocr_line' id='line_1_28' title="bbox 85 3112 1186 3182; baseline -0.001 -20"><span class='ocrx_word' id='word_1_232' title='bbox 85 3113 144 3182; x_wconf 80' lang='lat' dir='ltr'><strong>gias</strong></span> <span class='ocrx_word' id='word_1_233' title='bbox 172 3112 308 3163; x_wconf 85' lang='lat' dir='ltr'><strong>firmarunt</strong></span> <span class='ocrx_word' id='word_1_234' title='bbox 338 3114 540 3178; x_wconf 84' lang='lat' dir='ltr'><strong>possessiones,</strong></span> <span class='ocrx_word' id='word_1_235' title='bbox 572 3112 688 3164; x_wconf 84' lang='lat' dir='ltr'><strong>tentoria</strong></span> <span class='ocrx_word' id='word_1_236' title='bbox 722 3112 830 3179; x_wconf 87' lang='lat' dir='ltr'><strong>propria</strong></span> <span class='ocrx_word' id='word_1_237' title='bbox 863 3112 921 3163; x_wconf 85' lang='lat' dir='ltr'><strong>lixit</strong></span> <span class='ocrx_word' id='word_1_238' title='bbox 951 3121 978 3163; x_wconf 87' lang='lat' dir='ltr'><strong><em>et</em></strong></span> <span class='ocrx_word' id='word_1_239' title='bbox 1005 3126 1128 3175; x_wconf 88' lang='lat' dir='ltr'><strong>suorum,</strong></span> <span class='ocrx_word' id='word_1_240' title='bbox 1159 3119 1186 3161; x_wconf 88' lang='lat' dir='ltr'><strong><em>et</em></strong></span> 
     </span>
     <span class='ocr_line' id='line_1_29' title="bbox 87 3184 1185 3266; baseline -0.001 -32"><span class='ocrx_word' id='word_1_241' title='bbox 87 3191 164 3234; x_wconf 88' lang='lat' dir='ltr'><strong>erant</strong></span> <span class='ocrx_word' id='word_1_242' title='bbox 190 3184 281 3251; x_wconf 79' lang='lat' dir='ltr'><strong>plures</strong></span> <span class='ocrx_word' id='word_1_243' title='bbox 305 3199 381 3252; x_wconf 88' lang='lat' dir='ltr'><strong>quam</strong></span> <span class='ocrx_word' id='word_1_244' title='bbox 407 3192 512 3236; x_wconf 90' lang='lat' dir='ltr'><strong>centum</strong></span> <span class='ocrx_word' id='word_1_245' title='bbox 535 3184 728 3253; x_wconf 78' lang='lat' dir='ltr'><strong>quinquaginta</strong></span> <span class='ocrx_word' id='word_1_246' title='bbox 750 3198 804 3235; x_wconf 90' lang='lat' dir='ltr'><strong><em>non</em></strong></span> <span class='ocrx_word' id='word_1_247' title='bbox 832 3184 931 3234; x_wconf 87' lang='lat' dir='ltr'><strong>maiore</strong></span> <span class='ocrx_word' id='word_1_248' title='bbox 951 3198 1073 3266; x_wconf 79' lang='grc' dir='ltr'><strong><em>ιιιιιοιο,</em></strong></span> <span class='ocrx_word' id='word_1_249' title='bbox 1091 3198 1185 3251; x_wconf 86' lang='lat' dir='ltr'><strong>quarn-</strong></span> 
     </span>
     <span class='ocr_line' id='line_1_30' title="bbox 87 3253 1184 3322; baseline -0.003 -16"><span class='ocrx_word' id='word_1_250' title='bbox 87 3255 180 3307; x_wconf 84' lang='lat' dir='ltr'>obrem</span> <span class='ocrx_word' id='word_1_251' title='bbox 214 3255 292 3307; x_wconf 86' lang='lat' dir='ltr'><strong>etiarn</strong></span> <span class='ocrx_word' id='word_1_252' title='bbox 324 3255 414 3307; x_wconf 87' lang='lat' dir='ltr'><strong>multis</strong></span> <span class='ocrx_word' id='word_1_253' title='bbox 444 3257 581 3308; x_wconf 88' lang='lat' dir='ltr'><strong>admiratio</strong></span> <span class='ocrx_word' id='word_1_254' title='bbox 613 3255 740 3319; x_wconf 83' lang='lat' dir='ltr'>obvenit,</span> <span class='ocrx_word' id='word_1_255' title='bbox 770 3254 901 3322; x_wconf 90' lang='lat' dir='ltr'><strong>quomodo</strong></span> <span class='ocrx_word' id='word_1_256' title='bbox 932 3253 1013 3306; x_wconf 89' lang='lat' dir='ltr'><strong>talem</strong></span> <span class='ocrx_word' id='word_1_257' title='bbox 1047 3255 1102 3306; x_wconf 86' lang='lat' dir='ltr'><strong>viru</strong></span> <span class='ocrx_word' id='word_1_258' title='bbox 1126 3268 1184 3304; x_wconf 89' lang='lat' dir='ltr'><strong>curn</strong></span> 
     </span>
     <span class='ocr_line' id='line_1_31' title="bbox 86 3326 1186 3397; baseline -0.002 -20"><span class='ocrx_word' id='word_1_259' title='bbox 86 3326 167 3378; x_wconf 87' lang='lat' dir='ltr'><strong>tantis</strong></span> <span class='ocrx_word' id='word_1_260' title='bbox 201 3342 249 3378; x_wconf 87' lang='lat' dir='ltr'><strong><em>rex</em></strong></span> <span class='ocrx_word' id='word_1_261' title='bbox 276 3326 444 3378; x_wconf 79' lang='lat' dir='ltr'><strong>homunculis</strong></span> <span class='ocrx_word' id='word_1_262' title='bbox 479 3330 571 3397; x_wconf 84' lang='lat' dir='ltr'><strong>regiae</strong></span> <span class='ocrx_word' id='word_1_263' title='bbox 604 3327 724 3392; x_wconf 84' lang='lat' dir='ltr'><strong>subiret,</strong></span> <span class='ocrx_word' id='word_1_264' title='bbox 761 3342 820 3378; x_wconf 92' lang='lat' dir='ltr'><strong><em>cum</em></strong></span> <span class='ocrx_word' id='word_1_265' title='bbox 845 3340 959 3378; x_wconf 87' lang='lat' dir='ltr'><strong>neccsse</strong></span> <span class='ocrx_word' id='word_1_266' title='bbox 985 3333 1074 3390; x_wconf 85' lang='lat' dir='ltr'><strong>essct,</strong></span> <span class='ocrx_word' id='word_1_267' title='bbox 1107 3332 1186 3376; x_wconf 83' lang='lat' dir='ltr'><strong>antea</strong></span> 
     </span>
     <span class='ocr_line' id='line_1_32' title="bbox 87 3396 1186 3466; baseline -0.006 -15"><span class='ocrx_word' id='word_1_268' title='bbox 87 3397 233 3451; x_wconf 75' lang='lat' dir='ltr'><strong>orientales</strong></span> <span class='ocrx_word' id='word_1_269' title='bbox 260 3401 333 3450; x_wconf 87' lang='lat' dir='ltr'><strong>vires</strong></span> <span class='ocrx_word' id='word_1_270' title='bbox 364 3399 515 3451; x_wconf 87' lang='lat' dir='ltr'><strong>conducero</strong></span> <span class='ocrx_word' id='word_1_271' title='bbox 546 3408 572 3450; x_wconf 88' lang='lat' dir='ltr'><strong><em>et</em></strong></span> <span class='ocrx_word' id='word_1_272' title='bbox 596 3400 632 3449; x_wconf 88' lang='lat' dir='ltr'><strong><em>ita</em></strong></span> <span class='ocrx_word' id='word_1_273' title='bbox 658 3399 785 3466; x_wconf 82' lang='lat' dir='ltr'><strong>egredi</strong></span> <span class='ocrx_word' id='word_1_274' title='bbox 777 3415 804 3449; x_wconf 90' lang='lat' dir='ltr'><strong>m</strong></span> <span class='ocrx_word' id='word_1_275' title='bbox 835 3398 1009 3449; x_wconf 87' lang='lat' dir='ltr'><strong>occidentem.</strong></span> <span class='ocrx_word' id='word_1_276' title='bbox 1059 3404 1086 3448; x_wconf 88' lang='lat' dir='ltr'><strong><em>ct</em></strong></span> <span class='ocrx_word' id='word_1_277' title='bbox 1109 3396 1186 3449; x_wconf 88' lang='lat' dir='ltr'><strong>simi.</strong></span> 
     </span>
     <span class='ocr_line' id='line_1_33' title="bbox 85 3464 1186 3538; baseline -0.005 -16"><span class='ocrx_word' id='word_1_278' title='bbox 85 3471 121 3522; x_wconf 88' lang='lat' dir='ltr'><strong>lis</strong></span> <span class='ocrx_word' id='word_1_279' title='bbox 147 3477 204 3520; x_wconf 86' lang='lat' dir='ltr'><strong>erat</strong></span> <span class='ocrx_word' id='word_1_280' title='bbox 230 3468 351 3521; x_wconf 83' lang='lat' dir='ltr'><strong>fabuloso</strong></span> <span class='ocrx_word' id='word_1_281' title='bbox 371 3469 470 3522; x_wconf 90' lang='lat' dir='ltr'><strong>Bacchi</strong></span> <span class='ocrx_word' id='word_1_282' title='bbox 499 3470 643 3535; x_wconf 87' lang='lat' dir='ltr'><strong>exercitui,</strong></span> <span class='ocrx_word' id='word_1_283' title='bbox 673 3470 777 3538; x_wconf 87' lang='lat' dir='ltr'><strong>quando</strong></span> <span class='ocrx_word' id='word_1_284' title='bbox 803 3487 862 3522; x_wconf 85' lang='lat' dir='ltr'><strong>cunr</strong></span> <span class='ocrx_word' id='word_1_285' title='bbox 880 3469 992 3522; x_wconf 77' lang='lat' dir='ltr'><strong>Bacchis</strong></span> <span class='ocrx_word' id='word_1_286' title='bbox 1018 3468 1067 3520; x_wconf 92' lang='lat' dir='ltr'><strong>ille</strong></span> <span class='ocrx_word' id='word_1_287' title='bbox 1096 3475 1123 3518; x_wconf 91' lang='lat' dir='ltr'><strong><em>ct</em></strong></span> <span class='ocrx_word' id='word_1_288' title='bbox 1141 3464 1186 3518; x_wconf 84' lang='lat' dir='ltr'><strong>si.</strong></span> 
     </span>
     <span class='ocr_line' id='line_1_34' title="bbox 86 3536 1188 3608; baseline -0.005 -14"><span class='ocrx_word' id='word_1_289' title='bbox 86 3541 159 3594; x_wconf 90' lang='lat' dir='ltr'><strong>lenis</strong></span> <span class='ocrx_word' id='word_1_290' title='bbox 177 3540 229 3592; x_wconf 92' lang='lat' dir='ltr'><strong><em>hoc</em></strong></span> <span class='ocrx_word' id='word_1_291' title='bbox 248 3550 341 3593; x_wconf 86' lang='lat' dir='ltr'><strong>contra</strong></span> <span class='ocrx_word' id='word_1_292' title='bbox 359 3541 438 3593; x_wconf 88' lang='lat' dir='ltr'><strong>ludos</strong></span> <span class='ocrx_word' id='word_1_293' title='bbox 456 3536 675 3608; x_wconf 82' lang='lat' dir='ltr'><strong>proficiscebatur</strong></span> <span class='ocrx_word' id='word_1_294' title='bbox 693 3542 754 3593; x_wconf 91' lang='lat' dir='ltr'><strong>iter.</strong></span> <span class='ocrx_word' id='word_1_295' title='bbox 803 3558 862 3593; x_wconf 91' lang='lat' dir='ltr'><strong><em>cum</em></strong></span> <span class='ocrx_word' id='word_1_296' title='bbox 887 3551 974 3593; x_wconf 86' lang='lat' dir='ltr'><strong>autem</strong></span> <span class='ocrx_word' id='word_1_297' title='bbox 1002 3542 1030 3590; x_wconf 88' lang='lat' dir='ltr'><strong>in</strong></span> <span class='ocrx_word' id='word_1_298' title='bbox 1048 3538 1096 3590; x_wconf 88' lang='lat' dir='ltr'><strong>tali</strong></span> <span class='ocrx_word' id='word_1_299' title='bbox 1114 3546 1188 3591; x_wconf 83' lang='lat' dir='ltr'><strong>esset</strong></span> 
     </span>
     <span class='ocr_line' id='line_1_35' title="bbox 87 3610 1186 3680; baseline -0.006 -14"><span class='ocrx_word' id='word_1_300' title='bbox 87 3614 133 3666; x_wconf 89' lang='lat' dir='ltr'><strong><em>hic</em></strong></span> <span class='ocrx_word' id='word_1_301' title='bbox 154 3621 305 3680; x_wconf 76' lang='lat' dir='ltr'><strong>apparatus,</strong></span> <span class='ocrx_word' id='word_1_302' title='bbox 326 3614 422 3664; x_wconf 87' lang='lat' dir='ltr'><strong>cursim</strong></span> <span class='ocrx_word' id='word_1_303' title='bbox 441 3614 565 3665; x_wconf 92' lang='lat' dir='ltr'><strong>nonnulli</strong></span> <span class='ocrx_word' id='word_1_304' title='bbox 583 3614 724 3665; x_wconf 88' lang='lat' dir='ltr'><strong>missorum</strong></span> <span class='ocrx_word' id='word_1_305' title='bbox 752 3614 785 3665; x_wconf 88' lang='lat' dir='ltr'><strong><em>ad</em></strong></span> <span class='ocrx_word' id='word_1_306' title='bbox 802 3614 898 3665; x_wconf 85' lang='lat' dir='ltr'><strong>istrum</strong></span> <span class='ocrx_word' id='word_1_307' title='bbox 917 3617 1085 3664; x_wconf 84' lang='lat' dir='ltr'><strong>revertentes</strong></span> <span class='ocrx_word' id='word_1_308' title='bbox 1105 3610 1186 3661; x_wconf 85' lang='lat' dir='ltr'><strong>ahso-</strong></span> 
     </span>
     <span class='ocr_line' id='line_1_36' title="bbox 88 3680 1188 3769; baseline -0.004 -33"><span class='ocrx_word' id='word_1_309' title='bbox 88 3686 170 3737; x_wconf 89' lang='lat' dir='ltr'><strong>lutam</strong></span> <span class='ocrx_word' id='word_1_310' title='bbox 189 3683 283 3751; x_wconf 86' lang='lat' dir='ltr'><strong>populi</strong></span> <span class='ocrx_word' id='word_1_311' title='bbox 301 3684 456 3736; x_wconf 86' lang='lat' dir='ltr'><strong>nuntiarunt</strong></span> <span class='ocrx_word' id='word_1_312' title='bbox 474 3685 648 3769; x_wconf 15' lang='lat' dir='ltr'><strong>pcrnlNcicrn</strong></span> <span class='ocrx_word' id='word_1_313' title='bbox 669 3692 861 3737; x_wconf 84' lang='lat' dir='ltr'><strong>anteveneraut</strong></span> <span class='ocrx_word' id='word_1_314' title='bbox 880 3686 950 3736; x_wconf 88' lang='lat' dir='ltr'><strong>eninr</strong></span> <span class='ocrx_word' id='word_1_315' title='bbox 969 3682 1040 3749; x_wconf 85' lang='lat' dir='ltr'><strong>capti</strong></span> <span class='ocrx_word' id='word_1_316' title='bbox 1059 3680 1140 3733; x_wconf 88' lang='lat' dir='ltr'><strong>duces</strong></span> <span class='ocrx_word' id='word_1_317' title='bbox 1158 3690 1188 3732; x_wconf 91' lang='lat' dir='ltr'><strong><em>ut</em></strong></span> 
     </span>
     <span class='ocr_line' id='line_1_37' title="bbox 86 3746 1186 3823; baseline -0.005 -15"><span class='ocrx_word' id='word_1_318' title='bbox 86 3756 266 3808; x_wconf 76' lang='lat' dir='ltr'><strong>liberarentur</strong></span> <span class='ocrx_word' id='word_1_319' title='bbox 284 3754 391 3808; x_wconf 87' lang='lat' dir='ltr'><strong>illorum</strong></span> <span class='ocrx_word' id='word_1_320' title='bbox 404 3769 491 3819; x_wconf 86' lang='lat' dir='ltr'><strong>manu,</strong></span> <span class='ocrx_word' id='word_1_321' title='bbox 511 3757 556 3823; x_wconf 93' lang='lat' dir='ltr'><strong><em>qui</em></strong></span> <span class='ocrx_word' id='word_1_322' title='bbox 575 3746 679 3823; x_wconf 81' lang='lat' dir='ltr'><strong>quidem</strong></span> <span class='ocrx_word' id='word_1_323' title='bbox 695 3758 773 3807; x_wconf 86' lang='lat' dir='ltr'><strong>etiarn</strong></span> <span class='ocrx_word' id='word_1_324' title='bbox 789 3757 935 3808; x_wconf 88' lang='lat' dir='ltr'><strong>sententias</strong></span> <span class='ocrx_word' id='word_1_325' title='bbox 948 3754 1077 3805; x_wconf 88' lang='lat' dir='ltr'><strong>inierrcnt</strong></span> <span class='ocrx_word' id='word_1_326' title='bbox 1096 3768 1186 3804; x_wconf 88' lang='lat' dir='ltr'><strong>eorum</strong></span> 
     </span>
     <span class='ocr_line' id='line_1_38' title="bbox 88 3825 1186 3909; baseline -0.004 -30"><span class='ocrx_word' id='word_1_327' title='bbox 88 3828 285 3893; x_wconf 72' lang='lat' dir='ltr'><strong>dissipationis,</strong></span> <span class='ocrx_word' id='word_1_328' title='bbox 315 3834 451 3878; x_wconf 88' lang='lat' dir='ltr'><strong>narrantes</strong></span> <span class='ocrx_word' id='word_1_329' title='bbox 477 3828 609 3909; x_wconf 80' lang='lat' dir='ltr'><strong>quomodo</strong></span> <span class='ocrx_word' id='word_1_330' title='bbox 638 3826 737 3879; x_wconf 86' lang='lat' dir='ltr'><strong>delecti</strong></span> <span class='ocrx_word' id='word_1_331' title='bbox 756 3826 870 3880; x_wconf 82' lang='lat' dir='ltr'><strong>Unorum</strong></span> <span class='ocrx_word' id='word_1_332' title='bbox 899 3825 993 3878; x_wconf 88' lang='lat' dir='ltr'><strong>lintres</strong></span> <span class='ocrx_word' id='word_1_333' title='bbox 1011 3826 1186 3876; x_wconf 85' lang='lat' dir='ltr'><strong>ascendentes</strong></span> 
     </span>
     <span class='ocr_line' id='line_1_39' title="bbox 87 3898 1186 3964; baseline -0.004 -14"><span class='ocrx_word' id='word_1_334' title='bbox 87 3900 194 3950; x_wconf 82' lang='lat' dir='ltr'><strong>hortatu</strong></span> <span class='ocrx_word' id='word_1_335' title='bbox 226 3900 304 3949; x_wconf 83' lang='lat' dir='ltr'><strong>etiarn</strong></span> <span class='ocrx_word' id='word_1_336' title='bbox 329 3900 488 3951; x_wconf 88' lang='lat' dir='ltr'><strong>Graecorum</strong></span> <span class='ocrx_word' id='word_1_337' title='bbox 514 3898 683 3964; x_wconf 87' lang='lat' dir='ltr'><strong>imperiorum</strong></span> <span class='ocrx_word' id='word_1_338' title='bbox 713 3898 849 3950; x_wconf 90' lang='lat' dir='ltr'><strong>urbiurn</strong></span> <span class='ocrx_word' id='word_1_339' title='bbox 841 3913 869 3947; x_wconf 88' lang='grc' dir='ltr'><strong><em>ιιι</em></strong></span> <span class='ocrx_word' id='word_1_340' title='bbox 891 3898 953 3949; x_wconf 86' lang='lat' dir='ltr'><strong>istri</strong></span> <span class='ocrx_word' id='word_1_341' title='bbox 983 3898 1048 3964; x_wconf 89' lang='lat' dir='ltr'><strong>ripis</strong></span> <span class='ocrx_word' id='word_1_342' title='bbox 1078 3898 1186 3949; x_wconf 83' lang='lat' dir='ltr'><strong>sitarum</strong></span> 
     </span>
     <span class='ocr_line' id='line_1_40' title="bbox 61 3968 1186 4036; baseline -0.005 -13"><span class='ocrx_word' id='word_1_343' title='bbox 61 3972 182 4023; x_wconf 75' lang='lat' dir='ltr'><strong>‘Istrum</strong></span> <span class='ocrx_word' id='word_1_344' title='bbox 201 3971 356 4021; x_wconf 85' lang='lat' dir='ltr'><strong>traieceriut</strong></span> <span class='ocrx_word' id='word_1_345' title='bbox 375 3978 402 4021; x_wconf 84' lang='lat' dir='ltr'><strong><em>et</em></strong></span> <span class='ocrx_word' id='word_1_346' title='bbox 419 3970 447 4021; x_wconf 90' lang='lat' dir='ltr'><strong>in</strong></span> <span class='ocrx_word' id='word_1_347' title='bbox 463 3984 536 4021; x_wconf 85' lang='lat' dir='ltr'><strong>susm</strong></span> <span class='ocrx_word' id='word_1_348' title='bbox 549 3972 666 4036; x_wconf 87' lang='lat' dir='ltr'><strong>ipsorum</strong></span> <span class='ocrx_word' id='word_1_349' title='bbox 680 3978 777 4020; x_wconf 86' lang='lat' dir='ltr'><strong>terram</strong></span> <span class='ocrx_word' id='word_1_350' title='bbox 787 3970 960 4032; x_wconf 87' lang='lat' dir='ltr'><strong>recurrerint,</strong></span> <span class='ocrx_word' id='word_1_351' title='bbox 980 3968 1070 4020; x_wconf 87' lang='lat' dir='ltr'><strong>relicti</strong></span> <span class='ocrx_word' id='word_1_352' title='bbox 1088 3976 1186 4033; x_wconf 86' lang='lat' dir='ltr'><strong>autern,</strong></span> 
     </span>
     <span class='ocr_line' id='line_1_41' title="bbox 32 4040 1209 4125; baseline -0.004 -32"><span class='ocrx_word' id='word_1_353' title='bbox 32 4102 40 4109; x_wconf 43' lang='grc'><strong><em>,</em></strong></span> <span class='ocrx_word' id='word_1_354' title='bbox 87 4040 227 4093; x_wconf 86' lang='lat' dir='ltr'><strong>multitudo</strong></span> <span class='ocrx_word' id='word_1_355' title='bbox 247 4043 285 4091; x_wconf 87' lang='lat' dir='ltr'><strong>sic</strong></span> <span class='ocrx_word' id='word_1_356' title='bbox 305 4056 411 4125; x_wconf 79' lang='lat' dir='ltr'><strong>qnoque</strong></span> <span class='ocrx_word' id='word_1_357' title='bbox 431 4042 535 4109; x_wconf 86' lang='lat' dir='ltr'><strong>iugens,</strong></span> <span class='ocrx_word' id='word_1_358' title='bbox 554 4042 648 4107; x_wconf 87' lang='lat' dir='ltr'><strong>partim</strong></span> <span class='ocrx_word' id='word_1_359' title='bbox 677 4041 769 4091; x_wconf 89' lang='lat' dir='ltr'><strong>morbo</strong></span> <span class='ocrx_word' id='word_1_360' title='bbox 788 4040 917 4107; x_wconf 82' lang='lat' dir='ltr'><strong>pestifero</strong></span> <span class='ocrx_word' id='word_1_361' title='bbox 936 4049 963 4093; x_wconf 88' lang='lat' dir='ltr'><strong><em>et</em></strong></span> <span class='ocrx_word' id='word_1_362' title='bbox 982 4041 1050 4091; x_wconf 87' lang='lat' dir='ltr'><strong>larue</strong></span> <span class='ocrx_word' id='word_1_363' title='bbox 1069 4040 1209 4091; x_wconf 86' lang='lat' dir='ltr'><strong>eonsccti&#39;</strong></span> 
     </span>
     <span class='ocr_line' id='line_1_42' title="bbox 89 4110 1186 4181; baseline -0.003 -18"><span class='ocrx_word' id='word_1_364' title='bbox 89 4122 115 4163; x_wconf 85' lang='lat' dir='ltr'><strong><em>et</em></strong></span> <span class='ocrx_word' id='word_1_365' title='bbox 133 4114 307 4177; x_wconf 87' lang='lat' dir='ltr'><strong>semimortui,</strong></span> <span class='ocrx_word' id='word_1_366' title='bbox 327 4114 422 4180; x_wconf 88' lang='lat' dir='ltr'><strong>partim</strong></span> <span class='ocrx_word' id='word_1_367' title='bbox 435 4114 520 4163; x_wconf 78' lang='lat' dir='ltr'><strong>etiarn</strong></span> <span class='ocrx_word' id='word_1_368' title='bbox 539 4126 588 4179; x_wconf 86' lang='lat' dir='ltr'><strong><em>per</em></strong></span> <span class='ocrx_word' id='word_1_369' title='bbox 606 4110 899 4181; x_wconf 86' lang='lat' dir='ltr'><strong>adiacentesBulgaros</strong></span> <span class='ocrx_word' id='word_1_370' title='bbox 918 4121 945 4164; x_wconf 88' lang='lat' dir='ltr'><strong><em>ct</em></strong></span> <span class='ocrx_word' id='word_1_371' title='bbox 962 4111 1118 4165; x_wconf 83' lang='lat' dir='ltr'><strong>Patninacos</strong></span> <span class='ocrx_word' id='word_1_372' title='bbox 1136 4110 1186 4161; x_wconf 87' lang='lat' dir='ltr'><strong><em>de-</em></strong></span> 
     </span>
     <span class='ocr_line' id='line_1_43' title="bbox 88 4180 1186 4255; baseline -0.005 -17"><span class='ocrx_word' id='word_1_373' title='bbox 88 4182 182 4239; x_wconf 83' lang='lat' dir='ltr'><strong>bellati</strong></span> <span class='ocrx_word' id='word_1_374' title='bbox 203 4183 320 4237; x_wconf 80' lang='lat' dir='ltr'><strong>funditus</strong></span> <span class='ocrx_word' id='word_1_375' title='bbox 339 4186 471 4253; x_wconf 87' lang='lat' dir='ltr'><strong>perierint</strong></span> <span class='ocrx_word' id='word_1_376' title='bbox 490 4184 561 4238; x_wconf 84' lang='lat' dir='ltr'><strong>ferro</strong></span> <span class='ocrx_word' id='word_1_377' title='bbox 582 4191 608 4236; x_wconf 85' lang='lat' dir='ltr'><strong><em>et</em></strong></span> <span class='ocrx_word' id='word_1_378' title='bbox 626 4185 734 4255; x_wconf 84' lang='lat' dir='ltr'><strong>ungulis</strong></span> <span class='ocrx_word' id='word_1_379' title='bbox 752 4185 888 4239; x_wconf 86' lang='lat' dir='ltr'><strong>brutorum</strong></span> <span class='ocrx_word' id='word_1_380' title='bbox 907 4183 1058 4241; x_wconf 87' lang='lat' dir='ltr'><strong>animalium</strong></span> <span class='ocrx_word' id='word_1_381' title='bbox 1078 4180 1186 4252; x_wconf 74' lang='lat' dir='ltr'><strong>otiosis</strong></span> 
     </span>
    </p>
   </div>
   <div class='ocr_carea' id='block_1_4' title="bbox 0 0 1432 4750">
    <p class='ocr_par' dir='ltr' id='par_1_4' title="bbox 0 0 1432 4750">
     <span class='ocr_line' id='line_1_44' title="bbox 0 0 1432 4750; baseline 0 0"><span class='ocrx_word' id='word_1_382' title='bbox 0 0 1432 4750; x_wconf 95' lang='lat' dir='ltr'><strong><em> </em></strong></span> 
     </span>
    </p>
   </div>
  </div>
 </body>
</html>
