2834 4750
457 283 459 288 ’
492 307 729 377 msuoum.
952 266 987 385 f
1095 310 1169 385 τοο

37 465 327 545 βεβασιλευκότος
349 463 589 553 αάτάδελφος,ό
617 459 848 552 Κωνστάντιος,
873 472 1019 551 ἀντίπαις
1042 469 1087 541 τόν
1110 473 1166 541 ἔτι.

39 566 103 647 τῆς
125 565 371 650 βασιλευούσης
391 560 513 641 πόλεως
535 571 591 633 καί
611 572 673 635 τοῖν
695 570 878 654 ἀνακτόρων
899 576 985 655 παρά
1004 580 1063 639 τοῦ
1084 602 1165 660 συγ-

38 664 144 745 γόνου
171 670 346 751 ἀπείργετο
367 672 422 754 καί
443 670 523 752 πρὸς
546 667 602 753 τὴν
625 672 969 757 ἀντιπέραν,η’λαόνετο
991 674 1166 745 θάλασσαν.

39 764 119 831 ὅδὲ
148 766 392 853 Βοτανειάτης,
420 769 538 853 πατρός
564 772 612 833 ἐπ’
635 772 728 856 αὐτῷ
748 771 913 857 σπλάγχνα
936 779 990 839 καί
1019 774 1165 844 διάθεσιν

12 866 315 953 5ένδεικνόμενος,
337 867 391 933 καί
413 870 476 934 τῶν
497 869 682 952 ἀνακτόρων
703 870 791 949 ἐντός
814 876 990 956 εἰσεδέχετο
1012 879 1066 940 καί
1087 874 1167 943 σόν-

41 972 184 1033 δειττνον
209 965 355 1045 ἐποιεῖτο,
379 970 433 1033 καί
453 967 573 1055 φθόνον
597 970 645 1032 ἀπ’
667 953 756 1058 crispi
778 965 799 1055 ἢ
822 972 964 1053 ὑποψίαν
984 973 1055 1049 τινά
1080 981 1166 1057 λαμ-

39 1066 164 1149 βάνειν
188 1072 248 1132 οάκ
272 1063 408 1151 ἢθελεν·
452 1065 530 1133 όθεν
550 1075 606 1135 καί
627 1074 689 1136 τοῖν
710 1076 893 1155 προσόντων
925 1075 1013 1162 adesi
1040 1076 1165 1160 χρημά·

39 1194 108 1235 των
130 1193 169 1234 τε
192 1173 250 1233 καί
269 1172 437 1254 κτημάτων
457 1172 613 1251 ου’δεμίαν
635 1172 808 1257 περικοπὴν
828 1173 1006 1259 ἐποιήσατο.
1061 1179 1165 1239 τοιοῦ-

40 1293 96 1347 τος
122 1265 168 1353 ἦν
195 1272 211 1333 ό
235 1269 466 1353 Βοτανειάτης,
490 1270 547 1354 τήν
568 1272 679 1356 ψυχὴν
699 1274 844 1355 καθαρός
867 1272 946 1355 όπὲρ
972 1271 1076 1358 ἥλιον,
1111 1281 1167 1342 καί
1174 1282 1193 1336 ί.
1204 1284 1255 1338 235
1265 1302 1293 1342 v·

12 1371 106 1455 ρτήν
128 1373 265 1455 γνοόμην
288 1369 498 1456 ἀπετρόκακον
521 1370 604 1455 ἔχων
626 1377 680 1438 καί
700 1375 803 1458 πάσνρς
826 1379 999 1459 ἐλευθέραν
1014 1377 1164 1456 ὑπονοίας

42 1474 171 1556 δεινῆς.
196 1472 276 1536 ἀλλά
300 1476 356 1536 καί
375 1467 439 1553 ἀς,
458 1475 489 1538 εἰ
505 1473 551 1557 μή
573 1498 620 1548 τις
641 1472 880 1560 ἀνεξερεόνητος
889 1475 987 1559 χάρις
1003 1487 1163 1560 περιεῖπεν

42 1573 165 1656 αάτόν,
191 1569 249 1637 οάκ
270 1567 309 1637 ἀν
330 1576 375 1648 εἰς
395 1578 542 1639 τοσοῦτον
563 1578 768 1656 συμπαθείας
779 1576 935 1660 ἐλήλυθεν
951 1578 1000 1653 Ιιός
1010 1581 1065 1642 καί
1085 1604 1162 1661 προ.

41 1679 139 1760 φανῆ
165 1675 326 1739 ἀντίδικον
346 1677 400 1737 καί
420 1678 588 1756 πολέμιον,
609 1680 663 1740 καί
686 1675 730 1749 ὥς
751 1676 855 1759 ἀκμήν
878 1679 1023 1761 νεότητος
1054 1683 1162 1763 ε’πιβε-

40 1774 196 1862 βηκότα,
218 1778 272 1839 καί
290 1770 429 1850 ἀτόπους
450 1772 552 1858 όρμάς
584 1777 638 1840 καί
660 1777 967 1857 ἀναπεμπαζόμενον
990 1779 1047 1863 τὴν
1082 1779 1160 1862 πρός

11 1878 281 1962 ηῧεάδαιμονίαν
299 1878 355 1962 τῆς
382 1880 549 1953 βασιλείας
575 1879 629 1941 καί
659 1877 715 1941 τόν
747 1883 938 1963 κρθαιρέτην
969 1883 1025 1942 τοῦ
1052 1883 1161 1962 γένους

44 1981 162 2045 adedo
181 1975 356 2061 γενόμενον,
380 1982 663 2059 προσοικειοόσθαι
685 1984 741 2044 καί
768 1964 911 2061 παρόδου
942 1979 1068 2041 διδόναι
1101 2004 1161 2043 συ,

40 2084 153 2145 νιέναι
172 2079 260 2166 crispi
280 2078 335 2142 καί
355 2081 611 2159 συνευωχεῖσθαι
633 2078 690 2143 καί
717 2087 878 2143 κοινωνεῖν
908 2079 994 2166 αὐτῷ
1023 2081 1079 2142 καί
1097 2088 1160 2155 τοῖς

38 2179 224 2262 βασιλείοις
245 2182 554 2262 συναναμίγνυσθαι.
599 2177 615 2241 ὁ
641 2182 698 2261 δέ,
716 2178 773 2261 τήν
795 2183 952 2261 βασιλέως
975 2179 1159 2265 εόεργεσίαν

42 2278 240 2359 κακοποιίαν
261 2283 293 2358 ἐξ
317 2280 510 2363 ἀχαριστίας
543 2275 725 2362 ἡγούμενος,
750 2281 805 2362 καί
824 2281 900 2363 μηδ’
924 2282 969 2357 εἰς
1000 2285 1074 2345 ναόν
1098 2283 1159 2362 ίμ-
1231 2346 1234 2351 ,

9 2382 163 2464 ρβαλοδν
185 2377 233 2446 ότι
259 2379 328 2460 έξδν
360 2374 396 2443 όν
418 2384 463 2470 τῷ
482 2386 615 2463 βασιλεῖ
635 2383 691 2446 καί
720 2381 927 2467 ἀφειλόμενον
948 2385 1073 2458 πάντως
1096 2377 1158 2465 ἀρ-

45 2485 107 2567 δην
141 2483 299 2546 ἀπολέσαι
319 2484 428 2548 τοῦτον
457 2486 513 2546 καί
535 2481 578 2556 ἀς
605 2481 727 2564 έχθρόν
762 2485 816 2546 καί
848 2484 1024 2563 ἀντίδικον,
1063 2485 1158 2548 ου’δέν

44 2589 197 2650 τοιοῦτον
208 2584 415 2668 διενοήσατο,
438 2583 492 2648 καί
514 2577 624 2649 ἀνετον
646 2586 735 2672 αότῷ
756 2582 813 2667 τὴν
840 2581 924 2667 ζωήν
943 2582 998 2647 καί
1005 2583 1060 2667 τήν
1082 2587 1157 2649 δια-

44 2683 157 2771 γωγὴν
179 2686 355 2767 εὐδαίμονα
376 2687 431 2751 καί
443 2689 610 2767 πλουσίαν
630 2684 675 2762 τός
695 2683 730 2750 τὸ
754 2690 829 2772 πρίν
851 2691 1087 2764 καταλέλοιπεν,
1108 2688 1154 2752 ιὀ·

44 2786 146 2868 βόλον
167 2782 234 2868 εἶχε
264 2784 319 2852 τόν
340 2783 430 2852 ἔνδον
453 2779 649 2872 ἄνθρωπον,
672 2789 728 2854 καί
749 2788 836 2853 κότον
856 2784 971 2874 ἔτρεφε
994 2785 1072 2855 κατά
1096 2791 1156 2854 τοῦ

46 3086 129 3154 pueri
148 3083 234 3137 edhnc
254 3085 357 3149 instar,
382 3084 414 3136 ub
433 3053 501 3136 urbe
528 3092 554 3136 et
578 3085 655 3152 regia
672 3100 722 3152 per
749 3090 889 3152 cognatum
908 3085 1106 3148 removebatur,
1126 3091 1154 3138 et

47 3159 81 3210 ed
100 3172 175 3209 mure
194 3157 340 3208 ducebatur
362 3157 511 3208 adversum.
553 3156 708 3208 Botunintes
738 3163 826 3207 nutem
851 3156 933 3222 putris
953 3158 980 3206 iu
1001 3171 1059 3208 eum
1078 3158 1152 3208 inte.

46 3231 121 3281 stine
144 3236 170 3279 et
196 3228 374 3279 conditionem
401 3227 542 3279 ostendens
569 3228 647 3278 etiam
667 3229 737 3279 intro
757 3228 858 3295 regium
878 3243 937 3277 eum
957 3221 1154 3294 recipiebnt“et

47 3300 195 3352 convivam
211 3299 353 3362 reddebat,
379 3307 458 3366 utque
476 3299 603 3350 invidiam
626 3299 659 3350 de
686 3313 718 3349 eo
744 3297 790 3348 vel
809 3300 987 3365 suspicionem
1008 3301 1152 3365 concipere

45 3370 175 3423 nolebat:
203 3370 372 3438 quamobrem
398 3371 477 3421 etiam
502 3385 589 3422 rerum
615 3376 642 3419 et
665 3369 886 3436 possessionum,
913 3385 981 3437 quae
1007 3371 1032 3422 ei
1052 3376 1152 3434 essent,

46 3442 152 3494 nulium
172 3443 380 3494 deminutionem
399 3442 473 3493 fecit.
510 3441 573 3492 tulis
593 3449 649 3492 emt
672 3441 843 3505 Βοτεείετεε,
864 3441 951 3492 auimo
972 3456 1053 3507 purus
1072 3456 1153 3508 supra

46 3514 136 3565 solem
156 3521 183 3563 et
200 3514 337 3580 ingenium
367 3512 430 3564 mali
456 3528 553 3578 expers
576 3512 675 3565 hahens
702 3521 729 3563 et
755 3514 825 3564 omni
854 3512 967 3563 liberum
997 3514 1153 3581 suspicione

48 3585 126 3637 dirue
146 3584 193 3648 sed
213 3582 258 3634 vel
272 3584 322 3646 sic,
343 3584 395 3634 nisi
415 3585 542 3651 quaedem
554 3599 607 3635 nou
626 3585 814 3653 investiganda
830 3585 915 3652 grstia
935 3584 1154 3638 circumdedisset

48 3673 120 3718 eum,
147 3668 201 3706 non
224 3655 256 3705 ud
276 3660 373 3705 tentam
400 3656 607 3708 misericordium
627 3660 764 3721 venisset,
784 3664 813 3707 ut
834 3657 914 3707 etium
927 3657 1083 3708 manifestus
1102 3656 1152 3708 ud-

47 3727 185 3780 versutius
201 3732 228 3776 et
249 3725 333 3775 hostis
352 3727 440 3793 etqui
459 3727 534 3793 quusi
553 3727 645 3779 florem
663 3728 812 3779 iuventutis
830 3727 997 3779 ascendisset
1015 3736 1042 3778 et
1059 3729 1152 3793 inepta

48 3798 163 3850 consiliu
176 3805 202 3847 et
217 3802 355 3862 reputaret
366 3811 439 3848 suom
451 3812 515 3864 pree
528 3797 658 3851 felicitate
670 3799 757 3866 regni,
775 3806 800 3848 ct
814 3806 924 3848 necator
939 3799 1048 3864 generis
1060 3813 1151 3849 eorum

49 3869 241 3921 conciliaretur
254 3874 282 3918 et
293 3868 462 3920 occasionem
478 3869 553 3920 deret
564 3869 743 3921 conveniendi
756 3875 782 3919 et
795 3869 957 3920 convivandi
968 3877 995 3920 et
1006 3868 1150 3937 colloque.

48 3949 123 3992 retur
133 3956 191 3991 cum
206 3954 238 3990 eo
252 3945 280 3989 et
290 3938 383 4006 regine
397 3941 613 4007 coniungeretur.
625 3940 674 3990 ille
683 3947 771 3990 antem
784 3941 857 4008 regis
867 3940 1081 3990 beneficientiam
1091 3955 1150 3992 ms..

48 4009 166 4062 leflcinm
186 4027 220 4062 ex
246 4012 351 4076 ingrato
377 4011 464 4061 animo
485 4017 598 4076 puteus,
626 4026 715 4078 neque
743 4010 967 4074 animadvertens,
993 4025 1069 4076 enm,
1090 4027 1149 4064 cum

48 4081 147 4132 liceret
163 4084 223 4150 regi
242 4089 270 4133 et
287 4081 404 4133 debitum
424 4090 496 4133 esset
514 4082 621 4132 omnino
643 4081 763 4133 funditus
788 4082 900 4147 perdere
921 4097 980 4132 eum
999 4091 1028 4135 ut
1047 4084 1149 4136 hostem

51 4161 80 4202 et
97 4153 287 4218 adversarium,
307 4151 375 4204 nihil
396 4151 452 4203 tale
471 4153 605 4221 cogitasse
624 4160 651 4203 et
668 4152 781 4204 liberam
809 4154 833 4204 ei
852 4155 934 4205 vitum
953 4161 980 4206 ‘ot
998 4169 1148 4208 commors-

50 4225 150 4278 tionem
168 4226 273 4278 benten
292 4233 320 4277 et
338 4225 463 4290 divitem,
482 4233 624 4289 utentes,
643 4223 798 4294 reliquisse,
817 4239 923 4279 veneno
942 4227 1081 4295 perfusum·
1097 4227 1148 4281 hu.

105 4321 187 4378 list.
205 4322 287 4378 mist
305 4320 373 4378 uos.
924 4322 958 4378 20
