2834 4750
512 263 724 333 lllS'l'OlilA.
861 313 864 318 -
1095 265 1166 336 111

32 427 163 506 Ἀζᾶς
183 423 267 518 ,μεθ’
299 421 372 511 ὅλης
396 429 452 511 τής
471 430 624 510 στρατιᾶς
654 430 786 510 καὶτῆς
815 429 994 512 ἀποσκευῆς
1015 432 1167 514 προσηνέ-

34 531 143 613 χθη,
164 523 337 608 μανθάνων
358 525 445 611 παρά
468 529 561 591 τινοῖν
584 521 634 592 ότι
659 521 796 610 εόυδρός
826 531 909 592 ἑστιν
931 527 948 590 ό
969 525 1064 602 τόπος
1085 531 1169 593 έκεῖ-

36 651 110 705 voc
140 629 194 692 καί
214 626 322 702 ἱκανός
343 635 491 712 χορηγεῖν
519 629 656 718 τοσοότῳ
680 630 886 716 στρατοπέδῳ
918 631 1089 709 δαψιλειαν
1108 632 1167 694 τοῦ

36 725 270 813 ὑδρεύεσθαι.
322 727 368 804 σός,
393 729 428 792 δὲ
459 721 666 812 προοεγχίσας
695 728 782 816 adripi
812 731 886 793 ου’όέ
917 734 990 793 καθ’
1019 729 1167 813 ἡμίσειαν

4 826 156 906 5τόξσυ
176 825 274 912 βολήν
296 824 513 910 ἀρνμνόιατόν
533 851 567 892 τε
592 823 684 908 εἶδεν,
713 830 761 891 ἐντ’
783 829 963 914 ἀκρωρείας
983 832 1040 894 τοῦ
1061 827 1164 914 λόφου

36 922 228 1008 ἱστάμενον
263 929 318 990 καί
351 931 471 1010 τείχεσι
502 929 624 1002 διπλοῖς
662 930 913 1011 περιεζωσμένον
948 931 1003 991 καί
1034 931 1194 1012 πέτραιςῖ.
1209 934 1300 992 19οτ.
1340 941 1342 944 ’

36 1023 168 1111 ὥσπερ
196 1025 427 1112 χειροποιήτοις
458 1031 704 1113 γεγομφωμὲνον
734 1026 790 1091 καί
820 1032 943 1114 λιθίνην
972 1027 1026 1113 τήν
1049 1022 1165 1092 ἄνοδον

16 1124 136 1212 ,πρὸς
158 1123 216 1210 τήν
238 1125 339 1212 πάλην
363 1125 612 1213 ἀποφερόμενον,
633 1125 748 1213 μικρόν
767 1153 801 1194 τε
820 1124 908 1213 όδωρ
932 1129 1088 1214 ἀπορρέον
1110 1130 1164 1193 ε’κ-

38 1232 146 1292 εῖθεν
167 1226 223 1292 καί
242 1226 287 1312 μή
311 1226 486 1310 δυνάμενον
508 1224 585 1294 όσον
604 1228 683 1314 πρός
695 1227 860 1312 χιλιοστὸν
879 1233 977 1313 μέρος
990 1233 1051 1293 τοό
1063 1253 1164 1316 στρα-

8 1329 117 1394 oro&
143 1332 295 1416 ἐξαρκεῖν,
313 1333 438 1413 ἀπέγνω
462 1327 518 1414 τήν
538 1334 639 1396 ἐκεῖσε
667 1330 925 1414 στρατοπεδείαν,
943 1330 1002 1412 Ικαί
1025 1330 1166 1410 ἀναζεό-

39 1435 110 1509 ξας
134 1429 257 1496 ἐκεῖθεν
277 1433 322 1508 είς
344 1430 437 1495 τόπον
454 1431 590 1516 ἐπήξατο
604 1430 660 1516 τήν
673 1429 888 1517 παρεμβολήν,
910 1429 990 1496 ἔνθα
1014 1429 1048 1496 τό
1072 1428 1161 1517 όδωρ

41 1533 284 1618 ἀφθονώτερον
315 1530 394 1614 ἔρεε.
446 1526 738 1618 διασκοπήσαςοόν
760 1533 804 1616 οἷς
838 1533 896 1596 oda
920 1529 1053 1599 εὔθετόν
1078 1539 1162 1600 ἐστιν

40 1636 84 1698 ἐκ
121 1631 336 1718 διαστήματος
368 1635 521 1700 τοσούτου
556 1639 722 1718 προσιέναι
752 1640 792 1723 τῇ
822 1632 910 1699 πόλει
939 1636 995 1699 καί
1014 1632 1162 1720 μηχανάς
1238 1707 1240 1711 ,

42 1734 228 1818 ἐφιστάναι
249 1734 398 1820 (φθάνειν
421 1733 483 1820 γάρ
507 1733 563 1818 τήν
583 1734 690 1815 νόκια,
715 1736 768 1799 καί
787 1739 916 1801 δεῖσθαι
945 1720 1177 1818 μετακομιδής,
1200 1804 1205 1812 .

4 1845 30 1896 ,5
41 1833 164 1897 adrev
180 1835 224 1907 εἰς
246 1833 302 1896 τόν
327 1833 480 1923 χάρακα,
512 1834 563 1900 ἵνα
594 1832 638 1921 μή
668 1839 871 1920 πυρίκαυστα
903 1843 968 1909 τοῖς
999 1840 1161 1915 πολεμίοις

42 1931 212 2014 ἱστάμενα
245 1940 416 2022 γίνοιντο),
444 1935 498 2001 τόν
520 1961 552 2002 τε
573 1941 718 2020 χειμῶνα
748 1940 821 2020 περί
853 1935 959 2018 ἀκμήν
985 1930 1160 2015 ἐρχόμενον

43 2035 206 2118 καθορῶν
227 2037 282 2099 καί
304 2034 378 2112 νοός
412 2041 571 2112 ἐναντίους
600 2039 868 2122 περικεχυμένους
895 2031 947 2098 ἀεί
977 2038 1022 2120 τῷ
1042 2031 1160 2117 θάρρει

43 2139 106 2218 τῆς
129 2138 194 2200 ειόν
215 2138 317 2202 ἳππων
350 2141 383 2202 έν
411 2143 457 2226 τῷ
475 2144 545 2203 θεῖν
568 2140 692 2223 ἀρετής,
715 2137 855 2211 ἀναστάς
884 2135 1006 2202 ἐκεῖθεν
1030 2128 1160 2219 άρμησε

44 2236 136 2321 πρός
163 2237 200 2304 τό
225 2240 279 2322 τής
307 2240 518 2315 Αόσονίτιδος
539 2233 622 2324 όρια.
673 2243 728 2302 καί
755 2236 960 2324 πυρπολήσας
989 2234 1107 2320 χωρίον
1128 2258 1160 2296 τι

4 2344 204 2423 ῖῡμέγιστον
235 2339 356 2423 Κότμα
382 2337 568 2425 λεγόμενον,
589 2344 632 2429 τῷ
652 2342 761 2427 ἀμηρρῖ
788 2343 844 2405 τοῦ
867 2335 982 2404 Χόλεπ
1005 2340 1160 2423 ἀφωσιωὑ

45 2446 150 2522 μένον
171 2444 206 2505 ε’κ
227 2443 384 2524 παλαιοῦ,
409 2444 454 2517 εἰς
477 2440 583 2526 ἕτερον
602 2446 724 2527 χωρίον
750 2444 907 2508 κατέλυσε.
929 2443 1078 2525 Τερχαλοῖ
1099 2464 1159 2504 κα-

47 2539 318 2625 τονομαζόμενον,
341 2542 420 2609 ἔνθα
440 2549 630 2626 κοπτομένου
653 2547 709 2609 τοό
731 2545 883 2630 χάρακος,
906 2545 962 2607 καί
983 2542 1040 2606 τοῦ
1059 2546 1158 2624 βασι-

47 2645 133 2718 λέως
165 2644 213 2707 tn’
236 2636 337 2730 όχθης
358 2642 528 2728 latapetra
551 2642 632 2711 κατά
663 2642 698 2710 τό
720 2640 920 2727 δεξιόν,’καί
940 2645 1101 2729 προασπιζ
1139 2686 1157 2705 .

47 2966 140 3021 pugna
159 2952 270 3004 vincens
289 2953 500 3018 rnrsushostes,
520 2953 552 3005 ad
574 2910 713 3007 cdstellum
731 2956 806 3007 Aean
827 2971 886 3006 cum
904 2961 961 3006 toto
982 2956 1102 3006 exercitu
1129 2964 1157 3008 et
1196 2960 1200 2982 ³

47 3024 247 3090 impedimentis
267 3026 389 3091 accessit,
412 3026 557 3079 audiensa
584 3025 747 3095 quibusdam,
768 3028 925 3078 instructum
943 3040 1012 3093 aqua
1031 3040 1092 3077 esse
1110 3024 1156 3076 lo.

49 3111 109 3145 cum
128 3094 204 3147 illurn
225 3103 252 3146 et
272 3096 396 3147 sulficere
414 3098 446 3149 ad
466 3098 658 3150 conciliandam
677 3104 751 3147 tanto
771 3099 901 3148 exercitui
920 3098 1024 3163 copiam
1048 3111 1134 3162 aquae
1147 3112 1166 3147 zv

49 3182 110 3216 cum
129 3175 216 3217 autem
236 3169 451 3236 appropinquans
471 3170 495 3219 oi
513 3186 549 3221 ne
568 3170 600 3221 ad
619 3168 755 3219 dimidium
774 3168 879 3236 quidem
907 3182 985 3219 arcus
1012 3168 1110 3217 iactum
1129 3174 1156 3217 et

48 3238 225 3289 firmissimum
244 3239 349 3290 videret
369 3256 427 3291 eum
447 3242 475 3291 in
506 3240 584 3293 collis
608 3241 713 3291 vertice
740 3241 818 3292 situm
846 3248 873 3290 et
898 3240 979 3290 muris
1004 3237 1156 3304 duplicibus

50 3311 167 3360 cinctum
187 3316 213 3359 et
231 3312 302 3365 saxis
322 3312 398 3380 quasi
419 3322 497 3364 manu
517 3314 594 3365 factis
612 3314 740 3376 iunctum,
753 3320 779 3363 et
792 3311 932 3363 ducentem
942 3310 1075 3380 lapideam
1085 3309 1155 3360 viam

10 3416 18 3425 -
49 3381 81 3432 ad
101 3387 221 3446 portam,
241 3390 267 3432 et
285 3398 375 3450 parum
395 3398 480 3451 aquae
499 3386 561 3437 indo
581 3383 692 3437 effluere
722 3398 812 3451 neque
841 3398 922 3450 posse
949 3381 1075 3435 sufficere
1104 3380 1150 3431 vel

48 3450 207 3504 millesimae
229 3456 362 3507 exercitus
381 3457 459 3521 parti,
480 3460 568 3511 omisit
587 3458 624 3508 ibi
635 3454 1072 3521 commorationem:etproiectus
1090 3452 1154 3502 inde

49 3523 81 3574 ad
100 3522 187 3573 locum
205 3528 295 3592 posuit
314 3534 418 3590 castra,
437 3528 483 3579 ubi
503 3544 573 3597 aqua
592 3529 728 3597 copiosius
754 3527 861 3579 fluebat.
890 3539 1072 3595 ¹cognoscens
1096 3523 1153 3591 igi.

50 3604 100 3658 tur‚
122 3609 176 3645 non
197 3611 256 3648 esse
270 3605 453 3665 opportunum
473 3617 506 3651 ex
525 3600 669 3653 intervallo
691 3608 764 3651 tanto
791 3599 921 3651 accedere
945 3598 978 3648 ad
1004 3596 1097 3648 urbem
1126 3603 1153 3647 et

50 3665 182 3717 machinas
205 3682 342 3735 opponere
360 3700 394 3710 -
413 3674 590 3737 supervenire
613 3674 682 3725 enim
699 3680 806 3722 noctem
832 3680 858 3722 et
882 3683 948 3737 opus
980 3662 1046 3721 esse‘
1067 3667 1152 3718 addu-

51 3752 111 3789 cere
131 3752 177 3789 eos
196 3740 229 3790 ad
247 3740 358 3804 vallum,
377 3756 413 3792 ne
431 3742 637 3796 incenderentur
662 3743 783 3796 hostibus
809 3743 957 3810 expositae,
986 3746 1013 3790 et
1037 3739 1151 3790 hiemem

51 3809 202 3861 acerrimam
219 3811 408 3863 advenientem
429 3814 524 3866 videns
544 3824 570 3866 et
589 3815 680 3867 hostes
700 3816 803 3866 cinctos
823 3829 928 3879 semper
946 3812 1042 3864 fiducia
1062 3810 1150 3876 pieta.
1206 3831 1218 3843 ·

50 3881 83 3931 tis
94 3881 260 3933 incurrendo
272 3897 408 3951 equorum,
429 3900 541 3955 surgens
555 3887 616 3939 inde
630 3886 766 3953 proiectus
782 3893 832 3949 est,
847 3886 882 3936 ad
891 3884 1056 3938 Ausonitidis
1065 3884 1149 3935 fines:

51 3959 77 4002 et
93 3952 155 4018 igne
174 3952 315 4007 devastans
335 3954 422 4008 locum
449 3958 577 4025 quendam
597 3958 746 4020 maximum,
766 3956 855 4011 Gatma
875 3958 982 4019 dictum,
1001 3956 1047 4023 qui
1066 3955 1149 4006 Ame-

50 4038 93 4072 rae
113 4022 224 4090 Chalepi
244 4026 378 4078 dedicatus
398 4038 455 4080 erat
475 4045 508 4080 ex
528 4032 636 4099 antiquo
664 4041 802 4100 tempore,
828 4034 960 4086 aulalium
986 4034 1075 4086 locum
1101 4049 1149 4085 se.

51 4095 127 4146 cessit
145 4094 274 4147 Terchala
292 4099 475 4166 nominatum,
495 4100 540 4153 ubi
562 4103 621 4154 dum
641 4104 764 4156 conditur
783 4107 883 4159 vallum
902 4115 929 4159 et
946 4122 996 4159 rex
1021 4106 1049 4156 in
1075 4104 1148 4161 colle

52 4167 144 4217 stetin
163 4166 257 4220 dextro
276 4184 358 4223 cornu
380 4180 407 4224 et
425 4172 457 4225 ad
475 4173 659 4229 defensionem
672 4176 767 4230 adsunt
777 4178 889 4230 militnm
899 4178 1005 4231 ordines
1023 4205 1057 4219 -
1079 4188 1147 4230 con.
