2834 4750
247 281 318 356 tte
531 271 754 354 urcunnrrs
783 283 1043 354 λτιιιοιοτλιι

242 447 297 534 εῆς
318 447 548 532 decalescente
586 447 817 566 ἐκπέμπουσιν·
870 441 905 521 ές
938 469 990 508 και
1017 437 1224 520 ditescendi
1247 450 1359 531 inup-

241 550 323 668 χιῶν
361 546 605 645 συλλεξάμενος,
629 544 684 622 οὓς
716 549 752 612 di
777 547 831 610 aui
858 543 912 610 έιέ
941 543 1140 629 γραμμάτων
1169 551 1358 627 βασιλικῶν

241 645 347 736 εακτηλ
376 648 635 732 συστησάμενος,
655 646 760 733 οἱέροίν
781 671 853 712 τινα
883 645 1019 726 δύναμιν
1041 644 1130 722 ἔδοξε
1151 654 1355 766 συναγηοχέ·

241 773 314 832 και,
342 747 398 816 νισι
418 751 550 868 πλησέην
571 750 629 812 τοῦ
648 752 870 832 κρησφυγέτου
894 750 951 830 τῆς
971 748 1104 824 Δοκοιάς
1128 746 1187 812 τέν
1219 746 1354 830 χάρακα

241 848 343 918 idere.
365 847 607 934 προστρρέηοαν
627 850 663 914 δέ
682 851 724 935 τῷ
741 851 874 935 Διογένη
898 850 962 912 τοῖν
974 845 1132 929 epam»
1156 845 1188 911 οἱ
1212 853 1374 934 wetego

242 951 302 1016 κέκ
321 947 437 1018 τούτου
455 947 543 1032 ἔχειν
562 946 596 1014 τὸ
617 948 753 1030 ἰσχυρὸν
775 945 963 1029 προσεδόκα.
1007 945 1110 1013 ἔκτοτε
1132 941 1195 1014 orio
1215 953 1350 1030 anpodi-

241 1055 297 1118 m'
315 1051 418 1135 μοίχαι
438 1058 505 1126 τοῖς
532 1051 643 1134 μέρεσι
664 1047 909 1133 διερρήγνυντο·
957 1051 1094 1129 ου’έεμιά
1118 1051 1148 1114 d'
1176 1050 1350 1134 ου’τοτελης

241 1155 299 1237 την
319 1151 449 1236 ἔκβασιν
467 1149 570 1235 ἔκρινε
587 1197 599 1230 ,
620 1154 867 1230 συναπτομένων
892 1151 1039 1234 α’λληλοις
1060 1152 1126 1216 κατ’
1150 1140 1278 1233 ἄνδρας
1299 1154 1351 1214 καὶ

240 1243 338 1330 αὖθις
371 1251 656 1334 ἀπαλλαττομένων
686 1252 750 1315 τῶν
772 1252 946 1316 α’ντιθέτων
976 1253 1191 1333 στρατιωτῶν.
1250 1250 1294 1328 ὥς
1313 1255 1347 1314 di

225 1351 378 1430 ,πολλυυς
398 1379 462 1418 τοοκ
474 1347 734 1418 Kanundeueiv‘
717 1375 733 1413 ο
749 1350 901 1432 βασιλευς
922 1348 1106 1435 κηρέγμασέ
1113 1358 1225 1417 τεκαὶ
1243 1349 1348 1436 γρέμ-
1329 1369 1380 1420 -ld

242 1479 323 1536 μασι
344 1458 579 1535 μετεπέμψατο,
604 1478 648 1518 ων
670 1448 752 1569 ηρχτ
775 1448 944 1535 Θεόδωρος
965 1451 1158 1572 πρόεδρος“
1140 1439 1157 1516 e
1180 1451 1345 1536 Ἀλυάτης,

243 1555 324 1636 ανηρ
350 1556 504 1636 γένους’
488 1556 665 1640 επιφανοῠς
699 1579 738 1616 τα
762 1549 914 1636 πολεμικα
943 1577 996 1616 και
1023 1555 1188 1637 θεαθηνοτι
1212 1559 1346 1635 θαυμα-

244 1651 406 1734 σιώτατος,
424 1656 553 1737 μεγέθει
583 1644 675 1716 καί
656 1677 738 1741 ογκιη
760 1655 824 1718 τῶν
853 1654 977 1718 πολλῶν
1008 1655 1171 1738 διαφέρων
1197 1652 1263 1718 καί
1282 1653 1347 1718 λκα-

242 1757 302 1830 κῶς
325 1751 359 1822 ir
379 1759 504 1830 πολλοῖς
525 1754 808 1837 στρατευσάμενος,
835 1751 941 1831 ἔδοξεν
966 1753 982 1816 ci
1003 1758 1156 1838 Διογένης
1179 1753 1267 1818 nolti
1291 1759 1347 1819 τῶν

241 1856 389 1920 έυαντέων
409 1857 567 1937 προέχειν,
590 1854 644 1917 καί
663 1850 746 1936 ταχέ
768 1857 825 1942 τοᾷ
843 1855 898 1936 τῆς
917 1857 1051 1928 Δοκειάς
1078 1847 1161 1935 αἴρας
1183 1860 1346 1938 φρουρίου
1354 1874 1381 1925 15

186 1939 196 1959 ⁸
241 1954 321 2040 πρὸς
350 1953 406 2040 την
437 1957 499 2019 τῶν
522 1956 748 2032 Καππαδοκῶν
776 1947 932 2038 ἤλαυνεν,
964 1956 997 2031 έξ
1018 1945 1055 2036 ἧς
1075 1977 1135 2035 περ
1162 1952 1271 2030 αὐτὸς
1293 1956 1347 2036 την

240 2060 364 2141 γένυσιν
387 2053 529 2142 ἔσχηκεν.
587 2051 657 2121 ἀλλ’
687 2054 718 2120 οἱ
738 2058 793 2138 τῆς
813 2059 929 2139 μοι’ρας
962 2059 1019 2120 τοῦ
1040 2054 1099 2138 την
1117 2058 1295 2137 βασιλείαν
1317 2056 1348 2116 έν

243 2155 577 2222 Κωνσταυτιυουπέλει
598 2158 800 2239 κατέχοντος,
823 2154 909 2239 παρέ
934 2154 1027 2233 δόξαν
1040 2152 1233 2240 ,προσθήκην
1256 2153 1347 2231 διξά-

239 2279 331 2339 μενοι
353 2255 436 2322 κατέ
455 2254 512 2341 την
532 2257 628 2322 νύκτα
650 2260 780 2340 ἐκείνην,
802 2256 841 2319 ου’
863 2256 942 2321 πολι)
966 2255 1000 2322 td
1023 2255 1151 2322 ἔλαττον
1164 2258 1347 2339 α’πενέγκα-

240 2360 320 2423 σθαι
342 2357 562 2441 έιεγνιέκεοαν.
606 2361 758 2439 κατέλαβε
777 2382 837 2443 γαρ
859 2355 979 2433 αέτοές
997 2350 1105 2437 μεθ’
1091 2359 1210 2440 ετέρων
1234 2358 1272 2421 έκ
1294 2380 1383 2439 τηςρη

205 2500 209 2505 -
239 2461 405 2542 βασιλίδος
434 2458 623 2533 deauretur
651 2482 822 2582 ουμμαχος
852 2482 868 2521 ο
894 2455 1076 2573 Φρᾷγγος’
1060 2467 1178 2532 εκιΐνυς
1203 2461 1348 2541 Κρισπῖ-

240 2582 292 2636 νος
316 2555 351 2626 έν
381 2554 398 2624 ὅ
424 2564 574 2643 Διογένης
602 2562 662 2640 μέν
690 2561 738 2623 ἐπ’
767 2562 882 2635 αἰτίαις
912 2550 1107 2633 αποοτασέας
1140 2559 1329 2623 xaeetdv'
1312 2583 1348 2622 εκ

243 2683 298 2744 της
319 2663 469 2743 στρατιᾶς
490 2656 659 2746 υπερέριον
687 2683 733 2735 τις
745 2653 926 2743 Adedov'
910 2662 1100 2745 εποιησατο,
1122 2658 1189 2723 ‹id’
1212 2660 1348 2742 α’κτιβα-

315 2793 357 2848 10.
378 2797 435 2854 τοῖν
455 2802 635 2868 στρατιωτῶν
653 2797 863 2855 Καππαδοκῶν
882 2798 913 2851 G.

240 2918 324 2971 nitate
339 2918 489 2986 praesidem
505 2934 641 2985 summum,
661 2928 835 2987 suppetentes
850 2914 949 2971 milites
963 2920 987 2970 ei
997 2919 1112 2983 tradunt,
1124 2926 1152 2971 et
1161 2919 1291 2973 celeriter
1311 2936 1346 2971 ex

240 2989 307 3042 urbe
321 2991 457 3042 emittunt:
476 2992 521 3059 qui
532 2991 638 3059 quidem
648 3000 788 3059 postquam
803 3000 830 3043 ct
840 2990 908 3044 alios
919 2992 1117 3058 provinciarum
1131 2990 1257 3058 collegit,
1275 2990 1346 3043 alios

240 3063 320 3115 etism
338 3062 436 3114 litteris
452 3064 536 3130 regiis
557 3062 608 3114 sibi
623 3064 782 3131 composuit,
798 3062 905 3130 plenam
915 3062 966 3114 sibi
979 3077 1084 3113 manum
1102 3063 1177 3115 risus
1187 3070 1229 3115 cst
1239 3063 1346 3114 eondu-

239 3136 311 3187 xisse
324 3143 351 3185 et
364 3148 448 3200 prope
459 3133 576 3186 latebras
594 3134 717 3187 Dekeiae
737 3143 823 3185 castra
835 3136 933 3201 posuit.
947 3134 1109 3185 affluxerunt
1118 3141 1207 3184 autem
1220 3132 1345 3201 Augusto

238 3206 401 3259 Francorum
423 3204 530 3271 plurimi
550 3214 629 3273 atque
650 3222 682 3257 ex
703 3206 744 3256 his
763 3222 793 3256 se
812 3206 962 3257 habiturum
980 3205 1141 3272 praesidium
1161 3205 1345 3271 exspectabat.

238 3278 300 3329 inde
319 3278 401 3346 igitur
420 3280 527 3345 pugnae
540 3278 708 3329 intermissae
726 3279 797 3328 inter
809 3286 899 3343 partes
911 3276 1150 3343 disrumpebantur,
1167 3276 1243 3328 nulla
1256 3284 1345 3328 antem

237 3364 286 3417 per
303 3364 332 3401 se
344 3349 418 3399 linita
429 3356 553 3399 eventum
564 3349 734 3412 decernebat,
749 3364 807 3399 cum
826 3350 924 3400 viritim
942 3351 1012 3399 inter
1024 3364 1054 3399 se
1067 3348 1299 3415 congrederemur
1319 3355 1345 3398 et

237 3434 328 3473 rursus
348 3419 518 3471 discederent
536 3421 652 3487 oppositi
673 3420 782 3471 milites.
803 3436 861 3471 cum
880 3429 968 3471 antem
985 3419 1083 3471 multos
1101 3418 1216 3470 militurn
1235 3419 1343 3485 Cappa·
1404 3457 1405 3462 ,

238 3493 332 3544 docum
358 3506 406 3541 rex
433 3491 533 3542 nuntiis
561 3499 587 3544 et
605 3490 701 3543 litteris
722 3501 887 3555 arcesseret,
908 3491 1003 3559 quibus
1021 3491 1169 3557 imperabat
1181 3490 1343 3541 Theodorus

238 3578 348 3631 praeses
361 3561 484 3628 Alyates,
506 3562 548 3613 vir
567 3564 638 3629 quod
656 3577 699 3614 res
718 3561 831 3614 bellicas
847 3564 941 3614 attinet
956 3579 988 3614 cx
1007 3578 1108 3630 genere
1126 3561 1228 3613 illustri
1248 3570 1275 3612 et
1293 3561 1342 3611 ad-

238 3643 332 3702 spectu
346 3633 425 3685 valde
438 3631 610 3697 admirabilis,
621 3634 804 3703 magnitudine
818 3642 844 3685 et
856 3636 1015 3685 auctoritate
1030 3632 1193 3684 multitudini
1204 3639 1342 3699 praestans

240 3715 268 3758 ot
292 3707 356 3757 satis
383 3707 411 3757 in
437 3704 526 3756 multis
553 3704 767 3772 expeditionibus
794 3714 938 3771 spectatus,
965 3706 1101 3771 Augustus
1127 3703 1180 3755 sibi
1205 3705 1282 3755 visus
1302 3710 1344 3753 est

238 3778 349 3828 multum
368 3776 487 3828 hostibus
517 3786 670 3842 praestare:
695 3784 776 3844 atque
803 3776 931 3829 celeriter
949 3792 983 3828 cx
1007 3775 1121 3827 castello
1143 3774 1255 3827 Doeeae
1275 3789 1341 3839 pro.

240 3847 326 3897 lectns
348 3848 385 3904 ad
405 3849 591 3914 Cappadocum
620 3848 788 3914 provinciam
818 3850 869 3899 iter
888 3848 971 3912 lecit,
1000 3864 1034 3898 ex
1059 3862 1112 3914 qua
1129 3847 1189 3913 ipse
1208 3846 1341 3913 originem

238 3918 322 3968 duxit
365 3919 412 3969 scd
440 3922 485 3985 qui
517 3935 532 3969 a
556 3928 633 4002 parte
660 3934 773 4003 regnum
802 3918 1033 3985 Constantinopoli
1063 3917 1211 3970 obtinentis
1237 3916 1342 3967 stabant

238 3995 346 4063 praeter
370 4003 443 4054 spem
467 3993 649 4043 accessionem
679 3992 843 4074 accipientes
869 3990 917 4042 illa
941 3998 1023 4042 nocte
1047 4004 1102 4041 non
1128 3990 1167 4040 ita
1192 3995 1340 4040 statuerant

211 4042 381 4109 -inlerieres
408 4059 555 4112 discedere.
601 4064 730 4115 convenit
750 4063 820 4113 enim
846 4077 893 4115 ces
920 4078 979 4113 cunr
1008 4061 1068 4113 aliis
1097 4075 1131 4111 ex
1149 4062 1228 4128 regia
1244 4059 1357 4108 missus

139 4164 145 4177 .
237 4130 327 4182 socius
348 4128 465 4182 Francus
483 4130 531 4181 ille
549 4132 697 4201 Crispinus,
719 4150 801 4216 quem
823 4134 961 4201 Augustus
985 4132 1093 4185 nomine
1110 4131 1271 4183 delectionis
1288 4144 1339 4179 ex.

236 4202 324 4257 ercitu
347 4216 447 4255 exuens
477 4202 597 4273 exsulem
621 4204 746 4270 Abydum
768 4206 892 4269 miserat,
921 4221 999 4272 quem
1022 4211 1111 4257 tamen
1135 4204 1181 4271 qui
1202 4203 1340 4270 posterni
