2834 4750
515 313 724 386 rus'tolul.
1093 315 1167 389 209

51 478 115 542 τού
137 478 314 560 λοχοθὲτου
336 475 439 562 ἀρχῆς
468 477 522 543 καί
545 481 733 545 ἰδιωτεῦσαι
756 483 811 544 καί
843 475 951 546 οἴκαδε
972 485 1168 567 καταστῆναι
1214 533 1219 540 .

51 579 100 651 cic
127 573 296 661 ἄπρακτον
319 575 418 666 πάντη
441 579 496 645 καί
516 583 615 648 πᾶσιν
638 579 827 665 ἀπόβλητον,
849 582 900 645 ἵνα
920 586 975 646 καί
997 583 1167 668 τούτοάρ-

49 682 131 743 κούν
153 678 354 764 ἡγησάμενοι
375 677 456 761 πρὸς
475 683 632 763 τιμωρίαν
657 680 759 745 αύτοῦ
779 678 809 744 οἱ
829 685 976 761 πολέμιοι
997 688 1050 766 τῆς
1070 709 1166 769 στρα.

48 782 228 854 τοπεδείυις
251 777 467 864 ἀπόσχωνται.
510 780 582 847 ε’πεί
603 782 637 845 δὲ
660 783 730 845 ov’d’
755 785 800 860 εἰς
820 785 913 848 τούτο
941 783 1124 849 κατανεύων
1149 786 1167 850 o‘

21 880 214 963 οβασιλεύς
233 879 411 968 ἐτύγχανεν,
435 883 503 947 οὐδ’
520 877 590 958 ἓνὸς
611 880 730 966 ἀνδρὸς
751 883 911 970 ἀπραξιλις
929 885 1087 970 σωτηρίαν
1109 889 1167 952 τού

50 983 170 1068 γένους
202 978 320 1056 παντὸς
341 985 403 1048 τάν
430 983 598 1065 Ῥωμαίων
628 984 888 1065 ἀνταλλάξασθαι
921 987 1086 1072 πρόθυμος
1118 978 1167 1070 ήν,

47 1089 176 1169 βοηθεῖ
196 1082 321 1161 τούτοις
339 1075 465 1149 ἀνωθεν
489 1084 507 1169 ή
527 1087 601 1151 θεία
623 1083 792 1171 ἀντίληψις
814 1094 884 1162 ταῖς
904 1088 1046 1153 ἀκλινίσι
1067 1111 1167 1174 πρεσ-

48 1189 165 1266 βείαις
182 1187 240 1268 τῆς
265 1181 489 1269 παναχράντου
520 1186 687 1272 δεσποίνης
719 1185 809 1281 ήμῶν
838 1187 999 1253 θεοτόκου.
1053 1187 1084 1253 οἱ
1103 1186 1164 1275 χάρ

49 1285 293 1363 ἀποσταλέντες
317 1289 466 1369 πρέσβεις
487 1283 572 1371 παρά
593 1285 883 1367 τάνΠατζινάκων
903 1290 1166 1374 ἀναπεμφθέντες

13 1384 151 1453 [θπάλιν
173 1388 223 1462 εἷς
248 1371 367 1464 αύτούς
394 1383 652 1472 ύπωπτεύθησαν
682 1385 717 1452 ἔκ
738 1412 822 1465 τινος
851 1389 1032 1473 ἀπρούπτου
1061 1390 1166 1465 αἰτίας

51 1487 95 1566 ὥς
117 1475 232 1576 λάθρρ
253 1489 521 1576 διαχειρίσασθαι
531 1489 698 1569 μέλλοντες
716 1485 773 1552 τὸν
788 1487 1080 1576 πρωτοσύμβουλον
1103 1491 1165 1554 αύ-

48 1594 116 1656 τιόν
142 1589 202 1655 καί
228 1586 448 1673 συστράτηγον
478 1592 647 1672 Νέστορα·
682 1591 758 1653 ’κατ’
789 1592 944 1676 φοβηθείς
974 1592 1090 1666 ἐκεῖνος
1109 1587 1164 1657 τύν

51 1690 117 1755 ἀπὸ
140 1693 290 1776 μηχανῆς
310 1690 465 1772 κίνδυνον,
487 1691 609 1773 ταχέως
632 1687 756 1756 ἐκεῖθεν
777 1692 958 1775 ἀναστήσας
979 1691 1036 1776 τήν
1060 1716 1163 1776 στρα-

50 1789 127 1856 τιάν
150 1788 388 1875 ἀπισθύρμητος
420 1780 546 1872 ήλαυνε.
600 1794 654 1855 καί
673 1791 811 1857 διελθάιν
838 1790 894 1874 τήν
927 1793 1162 1879 Μακεδονικήν,

11 1895 108 1962 15καί
129 1900 200 1967 τοῖς
222 1881 329 1965 ἀλλοις
351 1891 570 1969 Πατζινάκοις
590 1895 771 1974 συμμίξας,
793 1889 827 1955 οἲ
846 1889 903 1975 τήν
925 1890 1035 1975 χώραν
1057 1894 1163 1958 πᾶσαν

39 1983 252 2078 Ικατέτρεχον
285 1991 340 2056 καί
359 1993 595 2076 κατεληίζοντο,
626 1986 726 2068 ούτως
748 1993 795 2070 είς
814 1990 853 2056 rei
871 1995 948 2074 περὶ
968 1982 1163 2077 τύνἼστρον

50 2085 166 2180 χωρία
185 2091 239 2157 καί
263 2089 320 2166 τοὶς
351 2089 500 2167 ἐπαύλεις
523 2091 696 2179 ἀνέδραμε,
718 2090 837 2176 πολλήν
861 2092 1051 2176 ἐπαγόμενος
1072 2095 1162 2158 λείαν

50 2193 240 2277 ἀνθρώπων
260 2216 292 2257 τε
313 2195 370 2258 καί
392 2193 511 2276 κτηνῶν
535 2191 589 2257 καί
609 2194 665 2275 τής
689 2187 787 2277 ἀλλης
810 2186 997 2276 ἀποσκευῆς.
1039 2195 1160 2258 ε’κείνου

51 2299 237 2385 δὲιταχέως
268 2273 532 2379 ἀναχωρήσαντος
565 2290 734 2378 ἀνακωχήν
763 2291 803 2358 τοὶ
833 2291 1002 2379 πρύχματα
1032 2290 1158 2378 ἔλαβον,

9 2400 110 2468 iduor*
140 2402 205 2464 τιόν
233 2392 464 2483 χεωρχημύτων
497 2398 551 2462 κατ’
582 2399 644 2461 τῶν
666 2388 771 2461 ἄλλων
799 2392 1033 2481 χορτασμάτωύ
1056 2397 1159 2474 ἀδεεῖς
1192 2388 1197 2405 λ

51 2505 186 2567 ε’ποιόυν
206 2499 236 2564 οἱ
257 2496 336 2583 πρὸς
359 2498 461 2563 ταύτα
474 2500 656 2581 τεταγμένοι
676 2497 734 2582 τήν
747 2493 881 2575 εἴσοδον,
904 2500 960 2562 καί
979 2494 1036 2582 τήν
1052 2500 1159 2564 ἀπαλ-

50 2600 156 2689 λαγήν
179 2598 212 2667 οἷ
231 2606 372 2695 πλεζστοι
396 2603 587 2682 θαυμασίως
609 2593 778 2683 ἑώρταζον,
801 2602 845 2687 trgi
865 2602 931 2687 θεῷ
952 2596 1006 2664 καί
1024 2601 1063 2687 τῇ
1083 2598 1158 2665 τού.

50 2729 107 2773 του
124 2705 360 2792 ,πανυπερτίμρν
380 2696 479 2787 μητρί
499 2697 539 2765 τά
562 2699 758 2788 χαριστήρια
783 2705 938 2784 νέμοντες.

157 2859 167 2899 ί

52 3031 182 3101 quamdiu
201 3025 354 3081 solveretur
372 3023 530 3092 logothetae
548 3023 672 3089 imperio,
702 3030 729 3073 et
746 3021 880 3073 hominem
904 3022 1037 3089 privatum
1062 3033 1156 3094 ageret

54 3112 81 3154 et
99 3103 173 3157 domi
192 3115 222 3153 re
240 3106 357 3162 teneret,
375 3105 499 3165 tanquam
516 3094 584 3147 nihil
612 3108 695 3162 agens
724 3094 832 3144 omnino
858 3101 885 3145 et
908 3094 1028 3146 omnibus
1056 3096 1155 3164 negle.
1212 3118 1217 3136 ν

53 3183 122 3240 ctus,
142 3181 173 3226 ut
184 3170 231 3225 rel
249 3170 302 3222 lroc
320 3169 446 3221 sulficere
464 3167 516 3220 rati
535 3168 567 3219 ad
580 3165 711 3217 ultionem
730 3166 788 3216 eiua
801 3164 893 3218 hostes
912 3166 1083 3231 expeditione
1103 3167 1153 3219 ab.

52 3248 196 3298 etinerent.
234 3258 292 3294 cum
311 3249 399 3293 autem
417 3256 452 3291 na
471 3239 523 3291 hoe
542 3238 647 3306 quidem
666 3243 798 3287 annueret
815 3250 863 3287 rex
880 3243 977 3303 'neque
1004 3238 1082 3290 uniua
1100 3238 1154 3289 ho.

52 3318 132 3369 minio
154 3315 255 3368 desidia
278 3312 391 3366 salutem
410 3313 491 3363 totius
510 3310 599 3378 gentis
618 3306 780 3360 Graecorum
798 3316 901 3358 mutare
919 3307 1024 3373 vellet,
1051 3308 1153 3361 auxssio

53 3388 130 3440 venit
149 3388 191 3438 hie
210 3399 326 3452 superne
344 3383 463 3436 divinum
481 3381 643 3449 praesidium
662 3380 743 3431 firmis
767 3380 868 3432 nuntiis
892 3380 1007 3431 maxime
1030 3379 1154 3449 integrae

52 3461 180 3511 dominae
197 3464 315 3517 nostrae,
335 3455 378 3506 dei
398 3455 497 3506 matris.
535 3452 629 3521 legati
645 3453 734 3515 enim,
754 3451 800 3520 qui
827 3466 843 3503 a
866 3449 1017 3504 Petrinacir
1042 3452 1156 3521 allegati

55 3537 142 3592 erant,
162 3527 267 3578 remissi
286 3540 377 3577 rursus
396 3526 428 3576 ad
447 3540 504 3590 eon,
524 3525 641 3591 suspecti
662 3530 738 3576 erant
762 3538 842 3578 cauae
870 3521 980 3592 quadam
1008 3524 1155 3590 improvisa

54 3602 132 3670 quari
152 3596 219 3649 clam
241 3596 339 3647 tollere
358 3594 462 3647 vellent
480 3597 627 3664 prinoipem
648 3595 756 3648 consilii
775 3595 817 3647 aui
837 3602 864 3645 et
886 3595 994 3661 imperii
1021 3594 1155 3663 collegam

53 3676 215 3726 llertoremz
237 3677 263 3720 et
283 3667 341 3731 ille,
362 3668 407 3735 qui
425 3674 557 3719 metueret
574 3668 731 3719 insidiosum
752 3665 912 3734 pericnlum,
938 3664 1066 3718 celeriter
1091 3665 1155 3718 inde

55 3746 193 3811 proiectus
213 3740 358 3793 exercitum
376 3745 448 3789 retro
468 3738 557 3790 duxit:
573 3747 599 3789 et
617 3752 777 3805 percurrent
795 3736 976 3805 Macedoniam
1004 3743 1032 3787 et
1056 3739 1154 3791 ceteris

54 3814 205 3869 Petrinacia
224 3827 254 3865 εο
274 3812 451 3877 coniungens,
470 3810 515 3877 qui
535 3823 637 3871 omnem
655 3816 753 3861 terram
771 3806 963 3875 percurrebant
990 3814 1016 3859 et
1039 3809 1153 3876 diripie-

54 3886 137 3953 bant,
157 3887 197 3939 aie
215 3887 243 3936 in
261 3882 323 3937 latri
347 3880 408 3934 loca
436 3889 463 3932 et
490 3881 597 3946 praedia
628 3895 732 3932 rursum
762 3878 908 3947 migrabat,
936 3878 1044 3931 multum
1068 3896 1153 3949 agene

56 3958 179 4023 praedam
198 3956 334 4008 hominum
354 3962 381 4005 et
399 3952 529 4019 pecudum
554 3959 634 4019 atque
660 3950 760 4019 reliqui
786 3957 937 4017 apparatur.
987 3950 1037 4003 illo
1064 3960 1153 4005 autem

57 4028 182 4082 celeriter
200 4029 331 4081 redeunte
352 4025 472 4077 induciae
492 4024 632 4089 imperium
649 4020 783 4073 habebat:
804 4028 831 4071 et
848 4020 953 4089 frugum
972 4027 1062 4091 atque·
1074 4033 1152 4076 cete.

56 4114 144 4151 rorum
163 4100 348 4153 alimentorum
367 4104 424 4149 tuto
445 4094 588 4157 iaciebant,
609 4094 653 4161 qui
673 4092 705 4145 ad
724 4091 791 4144 haec
810 4093 924 4145 instituti
952 4103 1044 4160 erant,
1070 4097 1151 4148 inve..

56 4172 188 4223 ctionem:
211 4179 237 4223 et
255 4169 439 4221 liberationem
459 4167 567 4234 plurimi
585 4166 653 4216 mire
672 4162 854 4229 celebrabant,
874 4164 925 4217 deo
945 4173 972 4217 et
990 4165 1068 4219 buius
1098 4167 1151 4219 lio.

53 4243 237 4295 noratisrimae
256 4241 333 4292 matri
351 4248 440 4309 grates
459 4239 615 4291 tribuentes.

127 4338 210 4393 utet.
231 4336 313 4391 Attal.
335 4337 405 4390 llirt.
653 4367 654 4373 =
929 4336 962 4388 14
