2834 4750
538 285 750 361 HISTORIA&
790 283 794 286 ’
1123 279 1197 354 :187

64 455 235 542 ,σάμενος
253 455 372 540 μικροό
392 458 455 521 δέω
479 461 599 522 θανεῖν.
643 453 703 540 ἐγώ
725 453 784 540 γάρ
807 457 872 537 εἶμι
905 453 1022 532 ἐκεῖνος
1043 451 1061 518 ό
1079 452 1199 528 Ἰωνᾶς.

70 556 209 624 λοιπόν
231 551 294 643 όρα
317 558 351 623 τί
371 581 412 640 με
444 560 498 622 καί
517 548 627 638 βόλιτα
657 560 702 634 εἰς
724 555 781 640 τηύ
810 556 1002 622 θάλασσαν·
1052 555 1106 620 ded
1137 554 1198 639 γὰρ

69 653 143 736 τός
168 656 256 740 ἐμός
278 657 408 743 πράξεις
428 655 466 723 τό
488 659 632 723 τοιαῦτα
649 654 826 739 σκυθρωποὶ
856 659 911 721 κατ’
929 655 1055 739 patent
1081 678 1200 723 συνακ-

22 824 26 830 .
69 756 219 844 κη’ματα
251 764 317 835 τοῖς
349 753 519 840 Ῥωμαίοις
549 752 884 841 ἐπισυμβαίνυυσιν.”’
910 761 965 822 κατ’
989 756 1007 821 ό
1029 759 1087 838 μὲν
1111 758 1200 842 λόγος

38 853 349 943 sparsissemus
371 863 473 936 καπνός
495 859 718 944 πραττομένων
739 858 902 944 η’νίττετο,
922 857 957 922 τό
982 859 1011 920 δ’
1031 855 1122 940 ἔργον
1141 849 1200 919 odsi

70 953 133 1046 ἦν,
161 960 259 1044 καόῆ
284 957 458 1044 διόρθωσις
478 959 635 1026 ἐδείκνυτο
659 961 830 1040 ου’όαμοό·
887 952 926 1043 ἦν
953 957 1015 1042 γόρ
1047 958 1162 1031 ἐκεῖνος
1182 953 1199 1020 o‘

71 1069 161 1136 ταῖς
185 1058 348 1138 κακίσταις
378 1061 641 1147 όαοθημοσόναις
669 1057 713 1136 ’τός
744 1061 959 1145 ἀκυβέρνητος
981 1057 1203 1124 sassenstei-

73 1184 189 1243 μενος
212 1155 338 1226 ἑαυτόν.
389 1164 467 1237 τόκος
499 1164 528 1226 d'
552 1155 609 1224 οὖν,
631 1163 793 1246 προίσντος
826 1165 886 1224 τοῦ
902 1160 1084 1227 Ῥουστλίου
1103 1182 1203 1242 πρεσ-

75 1265 277 1343 dissolvisse
299 1264 334 1326 ἐκ
347 1267 504 1344 βασιλέως
524 1267 721 1348 πεμφθεῖσαν
736 1261 838 1351 τοότρι
852 1261 1061 1347 συνήντησαν,
1074 1261 1201 1343 α’ξίυομα

28 1379 66 1434 10
77 1362 365 1446 κουροπαλατικόν
388 1362 640 1447 όπισχνοόμεναι
655 1366 711 1428 κατ’
733 1363 856 1446 δωρεὰς
870 1367 1068 1449 φιλοτίμους,
1094 1365 1126 1426 εἰ
1146 1361 1202 1444 τὴν
1232 1366 1239 1372 ’

79 1463 295 1526 ἀποστασίαν
319 1463 413 1548 α’φεός
435 1462 697 1552 ὑπόσπονδος-τῷ
719 1468 849 1544 βασιλεῖ
863 1467 1001 1548 γίνηται.
1046 1462 1117 1526 όόὲ
1137 1488 1201 1545 μη·
1255 1527 1277 1553 ,ἢ

82 1565 189 1638 δεκὰς
211 1564 273 1629 τεόν
297 1566 471 1648 λεγομένων
503 1563 634 1648 α’νήκοος
657 1565 813 1649 γεγονώς,
838 1569 894 1650 τῆς
915 1563 999 1649 πρὸς
1028 1562 1085 1649 την
1106 1568 1203 1645 βασι·
1302 1629 1306 1643 ,
1346 1568 1350 1578 ’

7 1733 8 1738 ,
81 1661 254 1728 λεόουσαν
274 1666 404 1746 πορείας
428 1663 675 1750 σπουδαιότερον
697 1663 811 1748 εἴχετο.
855 1659 922 1748 εἶχε
944 1665 1012 1758 γὰρ
1025 1667 1097 1747 μεθ’
1123 1659 1203 1729 duo·
1212 1674 1231 1730 i.
1246 1674 1299 1732 206
1308 1691 1336 1731 τ.

82 1766 152 1828 τοῦ
176 1763 397 1848 αἰχμάλωτον,
426 1765 459 1829 ἐν
481 1765 518 1853 τῇ
543 1768 599 1830 sod
621 1768 800 1853 Καίσαρος
818 1768 918 1854 τροπῇ
942 1769 1052 1830 τοῦτον
1072 1789 1204 1848 πρόσει·

36 1864 216 1952 15ληφαός,
240 1867 409 1930 Βασίλειον
431 1864 635 1952 σβόστηντόν
658 1871 827 1953 Μαλὲσην,
848 1869 882 1930 ἐκ
902 1871 956 1951 τῆς
977 1868 1041 1930 τοῖν
1061 1869 1203 1951 Περσῶν

87 1965 323 2050 αἰχμαλωοιας
346 1969 403 2031 oo’n
424 1969 459 2032 ἐκ
476 1972 594 2033 πολλοῦ
614 1965 802 2050 ἐπανιόντα,
825 1972 870 2056 τῷ
880 1971 1025 2051 Καίσαρι
1047 1970 1083 2032 dd
1103 1991 1204 2050 προσ-

88 2073 264 2154 ληφθέντα
288 2068 342 2132 καί
363 2071 565 2134 οίκειτοθίντα
580 2067 633 2134 διό
658 2068 694 2134 τό
709 2072 884 2155 περιφανὲς
905 2072 962 2152 τῆς
984 2065 1098 2133 τοότου
1121 2092 1203 2152 φρο.

88 2170 219 2254 υήσεως
240 2174 294 2235 κατ’
313 2168 466 2254 γνιόστανς.
510 2170 580 2234 ἀλλ’
603 2173 700 2235 νῖκαί
720 2173 921 2257 deposituros
945 2176 1054 2234 τοῦτον
1074 2164 1091 2232 ό
1110 2167 1203 2236 Ῥου-

90 2275 204 2348 odisee
225 2269 345 2354 ἔλαβεν,
369 2267 454 2354 όμιος
477 2275 511 2338 ἐν
532 2277 610 2359 τιμῇ
630 2269 763 2360 μεγίστη
784 2267 861 2353 εἶχε,
884 2273 942 2335 καί
961 2271 1003 2346 ὥς
1025 2267 1204 2355 ἔμπρακτον

40 2364 201 2456 σοῦνόρα
228 2373 282 2438 κατ’
304 2367 520 2458 λογικοότατυν,
543 2377 599 2439 καί
619 2380 732 2457 πεῖραν
761 2369 863 2438 αότοό
883 2371 1043 2439 όεόιοκότα
1065 2373 1119 2437 διό
1141 2373 1203 2439 τιόκ

90 2469 259 2559 προτέραν
281 2472 583 2558 ε’πιστρατεόσεων,
596 2478 630 2540 ἐν
655 2475 752 2565 μοίρρι
775 2478 838 2538 τῶν
859 2475 1203 2558 suppeditavisset,

90 2578 220 2657 μᾶλλον
243 2577 278 2641 δὲ
300 2573 476 2662 πρώτιστον
499 2570 576 2661 εἶχε,
599 2580 655 2643 καί
673 2577 717 2655 τός
742 2576 869 2661 γλώσση
889 2574 945 2641 καί
964 2574 1056 2659 χειρί
1075 2580 1118 2664 spi
1136 2598 1204 2641 τοι-

94 2673 182 2765 οότιρ
205 2669 238 2741 ἕν
262 2686 328 2752 τοῖς
343 2684 513 2753 πολιτικοῖς
535 2681 684 2763 ἐκέχρητο
711 2678 905 2765 πράγμασιν.
931 2666 1023 2753 οὗτος
1042 2674 1079 2743 τὰ
1102 2675 1203 2741 πολλὰ

94 2770 313 2860 perdiderim
342 2775 400 2863 τὴν
427 2780 552 2865 εἰρήνην
573 2784 615 2867 τῷ
631 2779 801 2868 Ῥουσελίρ
824 2778 988 2846 ὑπετίθει·
1044 2778 1075 2845 εί
1096 2779 1130 2844 δὲ
1151 2775 1207 2842 καί
1287 2816 1292 2820 -

91 2924 95 2931 ’
173 2966 199 3020 ν.
218 2964 329 3037 μασι
349 2965 379 3021 c.
479 2968 522 3021 νο.
543 2965 698 3029 σεσωκότας
716 2966 746 3020 c.

98 3130 154 3181 iam
174 3126 263 3181 tollite
288 3142 331 3179 me
351 3137 378 3182 et
396 3130 476 3183 iecite
501 3133 528 3183 in
546 3148 637 3184 mare:
663 3137 775 3199 propter
794 3146 854 3182 mea
882 3131 951 3183 enim
972 3130 1041 3183 iacta
1059 3128 1128 3184 tales
1147 3132 1205 3183 duri

99 3210 128 3253 et
148 3198 283 3253 difficiles'
302 3216 378 3255 casus
398 3203 506 3257 Graecis
526 3206 676 3256 accidunt.“
723 3213 803 3272 atque
835 3203 918 3255 verbu
937 3203 1041 3272 quidem
1061 3204 1204 3269 poeniten.

98 3274 165 3335 tiam
183 3270 253 3323 male
272 3272 403 3325 factorum
422 3276 625 3343 significabant:
651 3292 695 3329 res
714 3283 803 3329 autem
820 3289 875 3327 non
899 3275 936 3327 itu
955 3290 985 3327 se
1004 3273 1134 3325 babebat:
1151 3290 1205 3325 ne.

100 3360 155 3412 quo
175 3352 284 3412 usquam
311 3346 460 3398 emendatio
488 3348 641 3415 apparebat.
689 3348 842 3401 subiecerat
871 3347 942 3397 enim
967 3361 997 3397 se
1015 3344 1064 3395 iile
1081 3345 1205 3411 pessimis

100 3414 224 3467 consiliis
244 3417 319 3483 quasi
338 3431 392 3469 non
411 3420 582 3486 gubernatus.
620 3421 724 3472 interea
743 3419 825 3488 igitur
844 3434 903 3469 cum
922 3417 1128 3485 progrederetur
1147 3416 1212 3470 liu«

100 3486 204 3552 solius,
230 3487 381 3556 legationes
406 3505 421 3540 a
449 3506 515 3559 rege
539 3492 637 3543 missee
663 3490 725 3543 huic
751 3490 857 3542 obviam
875 3496 1031 3553 venerunt,
1050 3488 1206 3556 dignitatem

100 3557 310 3625 curopalaticam
329 3562 524 3627 promittentes,
545 3571 571 3613 et
592 3564 660 3615 dona
680 3563 778 3631 ampla,
797 3563 820 3614 si
839 3562 998 3614 seditionem
1017 3561 1125 3611 mittens
1146 3560 1205 3626 regi

99 3638 210 3698 pacatus
237 3633 322 3683 iioret.
369 3630 418 3682 ille
445 3641 532 3684 autem
559 3634 627 3685 nibil
646 3634 776 3686 dictorum
801 3634 949 3700 respiciens
974 3633 1026 3682 iter
1055 3631 1087 3682 ad
1114 3628 1205 3682 urbem

99 3702 246 3754 studiosius
273 3704 372 3755 tenuit.¹
417 3703 532 3756 babebat
555 3707 624 3757 enim
651 3722 727 3758 suum
753 3706 905 3772 captivum,
935 3720 1011 3771 quem
1037 3703 1063 3753 in
1083 3702 1205 3755 caesuris

100 3774 167 3842 iuga
183 3782 324 3840 praetcrea
342 3784 460 3841 ceperat,
481 3774 610 3828 basilium
631 3777 733 3830 bestam
750 3776 886 3841 baiesen,
906 3790 940 3826 ex
958 3773 1098 3827 Persarum
1118 3772 1204 3839 capti.

101 3847 185 3897 vitate
211 3860 265 3897 non
291 3846 335 3897 diu
361 3861 517 3911 reversum,
542 3864 557 3899 a
582 3847 696 3901 Cuesore
723 3857 810 3899 autem
828 3846 973 3897 adhibitum
1003 3854 1030 3897 et
1047 3852 1204 3897 consuetum

100 3925 212 3983 proptor
231 3917 349 3969 nobilem
373 3921 431 3971 eius
460 3920 650 3988 cogitationem
680 3928 705 3971 ct
723 3919 940 3986 intelligentiam.
979 3918 1025 3970 sed
1045 3918 1110 3969 iicet
1127 3915 1202 3967 bello

90 3996 205 4061 'captum
225 3988 295 4040 bunc
314 3990 439 4043 Rusetins
464 3992 623 4059 accepisset,
650 3998 737 4042 tamen
757 3992 859 4042 bonore
878 3992 990 4041 maximo
1010 4004 1069 4041 eum
1089 3988 1204 4040 habebat

38 4063 43 4075 '
102 4068 130 4111 et
148 4067 177 4110 ut
197 4067 334 4113 strenuum
353 4064 438 4115 virum
457 4064 752 4131 prudentissimumque,
772 4063 816 4131 qni
836 4064 914 4113 etiam
932 4064 1067 4129 specimen
1086 4060 1204 4113 dedisset

102 4130 237 4197 prioribus
256 4134 489 4200 expeditionibus,
516 4135 577 4187 loco
598 4134 811 4192 consiliariorum
841 4134 1053 4203 componebat,
1072 4134 1131 4187 sive
1149 4142 1202 4198 pe-

102 4201 155 4254 tius
175 4204 289 4257 omniun
310 4206 421 4274 primum
435 4205 549 4260 babebat
563 4214 589 4258 ct
608 4206 729 4260 oratione
750 4216 776 4259 et
788 4220 866 4259 menn
883 4206 931 4258 tali
950 4207 1009 4259 viro
1029 4206 1057 4258 tu
1077 4201 1202 4258 civilibus
