2834 4750
208 215 286 304 aio
438 259 442 265 ·
508 176 1047 293 sicanusssmnuoms

208 394 367 478 όχόμενος,
388 386 440 451 κατ’
460 384 582 466 νόκτωρ
605 379 659 444 καί
679 380 751 460 μεθ’
773 377 897 461 ἡμέραν
916 380 982 447 τοϊς
1005 372 1210 440 καδολικσῖς
1240 363 1355 447 πράγ.

207 517 306 577 μασιν
329 489 559 572 ε’παχρυπνῶν,
581 486 635 547 καί
655 484 759 546 δικῶν·
774 472 933 561 ἀκροατής
950 477 983 538 όν
1006 479 1077 545 ταῖς
1117 469 1277 583 ἀντὲσειτιι
1290 492 1352 583 καῖ

207 590 396 672 θιστάμενος
417 591 474 652 καί
495 589 610 667 κρίνων
632 580 778 666 όρφανόν
808 580 863 643 καί
885 578 1019 641 δικαιῶν
1038 570 1146 655 χήραν
1171 592 1278 632 nara
1313 590 1348 629 το
1411 640 1412 645 ¹

206 699 295 758 θεῖον
319 692 441 775 λόγιον,
462 692 515 751 καί
533 687 749 757 παντοδαπαῖς
771 682 933 746 ἐπιδόσεσι
955 675 1171 759 χαρισμάτων
1210 672 1279 733 καί
1299 692 1344 732 τι·

206 798 276 876 μῶν
297 792 535 875 καταχεραίρων
557 783 611 849 όιά
634 779 754 858 παντός
777 778 810 845 τό
830 775 976 862 όπήκοσν,
997 776 1072 839 odet
1096 771 1155 836 τόν
1177 792 1363 853 vestrapte-5

207 894 263 962 νόν
284 894 401 978 χρόνον
421 889 482 984 ἔξω
502 891 564 951 τῶν
587 882 708 949 ἑαυτοῦ
725 876 982 958 σπουδασμότων
1004 878 1135 959 ἐτίθετο,
1163 872 1262 935 ἀλλά
1276 879 1339 945 τοῖς

207 997 344 1078 βιβλίοις
367 997 419 1055 καί
446 996 515 1061 ταῖς
544 982 760 1066 ἀναγνώσεσιν
788 975 952 1049 ε’πιδιδοός
982 972 1108 1059 ἑαυτόνΥ
1126 974 1336 1053 πολυῖστορα

92 1125 112 1143 ·⁴
147 1095 151 1100 ⁴
208 1094 264 1161 καί
283 1091 489 1176 μεμυημένον
510 1084 548 1151 τό
578 1090 652 1149 θεῖα
678 1082 824 1165 περιίστα
848 1078 902 1143 κατ’
926 1075 965 1141 τά
996 1071 1206 1157 ἀνθρώπινοι.
1257 1076 1332 1153 ἑμέ-

209 1203 285 1279 λησε
307 1196 334 1255 δ’
356 1192 441 1277 αὐτῷ
461 1193 516 1253 καί
536 1177 933 1268 νομικῶνόιαταχμάτων,
956 1181 1011 1241 καί
1029 1175 1251 1260 διορθώσεως
1273 1176 1333 1237 τῶν

209 1292 520 1381 ἀμφισβητουμένων
544 1289 726 1370 δογμάτων,
747 1286 802 1348 καί
825 1282 1021 1361 καταστολής
1042 1282 1106 1343 τῶν
1127 1274 1330 1357 τικτομένων
1339 1294 1367 1347 10

211 1388 370 1473 ἐξαύτῶν
391 1393 560 1472 κυδοιμῶν.
606 1385 655 1451 διό
681 1384 737 1450 καί
763 1385 821 1447 τοῦ
843 1382 917 1465 περί
949 1385 1011 1443 τῶν
1030 1381 1249 1459 μαινομένων
1272 1401 1331 1441 συ-

211 1498 324 1560 νοίκων
345 1494 520 1577 κεφαλαίου
550 1489 811 1571 διακλυνηθὲντος
831 1488 909 1548 ποτὲ
928 1484 1106 1576 θεραπείαν
1127 1472 1332 1562 ἀκριβεστά-

176 1617 180 1628 ’
211 1618 266 1677 την
286 1596 326 1679 τῇ
350 1589 587 1676 ἀμφισβητήσει
610 1588 822 1672 κηδεμονικῶς
849 1582 1030 1666 ἐπεζήτησε.
1076 1583 1132 1646 καί
1154 1574 1331 1665 εόρῶνόττ

213 1690 229 1756 ό
252 1695 286 1758 δν
313 1691 501 1779 ἀοιδίμριτή
522 1689 608 1771 λήξει
628 1683 781 1769 βασιλεός
804 1689 894 1767 κῦρις
916 1686 1012 1752 Λέων
1024 1680 1147 1765 ἔγραψε
1172 1687 1238 1762 μὲν
1260 1704 1330 1744 νεα.

212 1793 272 1879 ράν
293 1795 368 1876 περί
386 1787 514 1871 τούτων,
538 1788 728 1878 συνεχώσθη
744 1790 778 1852 δὲ
792 1790 836 1875 τῷ
845 1784 954 1874 χρόνῳ
978 1788 1031 1849 καί
1053 1779 1222 1865 ἄπρακτος
1238 1779 1329 1863 ἔμει.
1338 1800 1363 1851 15

131 1901 163 1945 -⁴
211 1918 281 1973 νεν,
303 1892 452 1977 ἀνήγειρε
477 1891 598 1975 ταότην
617 1893 777 1954 πεσοῦσαν
798 1889 853 1951 καί
873 1886 908 1951 τό
922 1906 927 1956 ζ
940 1885 1053 1969 κρότος
1077 1886 1328 1969 ἀπεψηφίσατο,

211 1995 367 2060 κάλλιστα
390 1995 522 2077 προθείς
546 1991 605 2067 τός
628 1992 758 2071 αἰτίας,
786 1992 841 2053 κατ’
862 1985 939 2073 πρὸς
962 1983 998 2051 τό
1029 1986 1276 2071 μεγαλοπρεπές
1295 2008 1326 2048 τε

212 2095 268 2161 καί
288 2094 485 2175 δικαιότερον
505 2096 538 2171 ἐξ
561 2093 721 2177 ἀφορμῶν
741 2090 883 2172 εάλόχων
913 2084 1144 2171 περικάλλόνας
1182 2086 1221 2151 τό
1249 2092 1326 2151 θόο-

214 2198 329 2277 πισμα,
353 2189 445 2275 ὅρους
466 2216 500 2255 τε
520 2195 617 2269 τάξας
634 2194 689 2275 τής
713 2194 830 2272 μανιάς
851 2184 906 2253 καί
936 2186 1074 2271 τρόπους
1101 2190 1157 2251 καί
1184 2188 1324 2271 χρόνους

214 2297 387 2378 ὑπομονῆς,
410 2296 464 2356 καί
484 2293 654 2378 τηνικαῦτα
685 2292 720 2357 τό
758 2292 925 2374 διαζόγιον
956 2286 1223 2373 προτρεψάμενος
1252 2283 1360 2359 ότανλο

213 2399 383 2484 θηριωδῶς
405 2395 423 2478 ή
447 2394 537 2472 νόσος
561 2399 745 2479 ε’κμαίνηται
776 2391 831 2456 καί
853 2395 895 2478 τῷ
920 2394 1115 2456 συνοικοῦντι
1142 2394 1325 2472 καθορᾶται
1411 2447 1412 2478 3

214 2498 383 2584 ἀφόρητος,
406 2496 461 2560 καί
480 2495 496 2560 ό
515 2492 631 2586 χρόνος
650 2493 708 2581 τήν
730 2495 843 2560 ἐλπίδα
864 2496 919 2576 τῆς
931 2493 1106 2578 θεραπείας
1128 2492 1325 2580 ἀπει’πη,και“

212 2597 249 2664 τό
273 2585 379 2663 δεινόν
400 2599 621 2684 όπεραίρηται.

286 2783 331 2836 22.
350 2784 485 2854 ἀφόρητα
504 2781 535 2836 G·
619 2795 622 2798 ’
1397 2795 1400 2883 ρ

215 2971 333 3042 vigilans
354 2980 381 3023 et
401 2987 540 3025 causarum
554 2975 659 3026 auditor
679 2974 706 3025 in
718 2973 887 3038 remissione,
909 2981 936 3024 et
953 2973 1074 3025 iudicans
1094 2973 1188 3025 orbum
1207 2983 1236 3026 et
1253 2977 1318 3027 iuste
1411 2979 1412 2982 ’

215 3053 332 3097 tractans
352 3044 458 3098 viduam
477 3045 621 3096 seeundum
641 3046 761 3098 divinum
778 3045 876 3096 dictum
898 3053 926 3096 et
943 3045 1025 3096 variis
1044 3045 1245 3098 accessionibus
1265 3047 1316 3098 lar.

216 3117 347 3184 gitionum
367 3125 394 3166 et
411 3116 542 3168 honorum
562 3132 659 3167 ornans
674 3118 782 3169 omnino
802 3115 948 3180 subiectos,
968 3132 1002 3167 ne
1021 3117 1109 3168 noctis
1129 3117 1234 3183 quidem
1253 3126 1317 3169 tem·
1411 3125 1412 3130 ’

215 3204 265 3256 pus
287 3196 362 3239 extra
380 3203 427 3238 sua
447 3188 533 3240 studia
550 3187 682 3254 ponebat:
702 3188 749 3240 sed
767 3186 858 3237 bibliis
882 3195 908 3237 et
926 3185 1088 3239 lectionibus
1107 3187 1171 3240 dans
1191 3204 1251 3239 sese
1268 3203 1316 3255 po.
1397 3209 1399 3226 ι

215 3258 374 3326 lybistorem
402 3267 429 3310 et
446 3259 579 3310 initiatum
599 3259 679 3309 rebus
704 3259 802 3310 divinis
831 3258 1011 3310 constituebat
1029 3266 1056 3309 et
1074 3257 1204 3310 humanis.
1242 3275 1315 3310 curae

216 3337 292 3382 erant
307 3331 331 3380 ei
352 3331 430 3380 etiam
450 3330 541 3396 legum
561 3331 767 3382 constitutiones
787 3337 813 3380 et
834 3331 1033 3383 emendationes
1054 3330 1199 3396 ancipitum
1218 3329 1315 3382 edicto.
1411 3341 1412 3362 ³

214 3417 273 3453 rum
293 3408 320 3450 et
339 3402 548 3467 compositiones
573 3402 707 3452 turbarum
728 3417 796 3469 quae
820 3401 912 3459 exiis
930 3409 1115 3453 nascerentur.
1155 3402 1313 3468 quamobrem

216 3474 296 3526 etiam
316 3480 380 3522 cum‘
396 3480 475 3538 caput
493 3472 525 3522 de
548 3472 656 3524 furiosis
683 3471 843 3541 coniugibus
868 3471 1010 3540 aliquando
1029 3473 1224 3540 disceptaretur
1242 3489 1312 3526 cura.

215 3545 317 3596 tionem
347 3544 572 3595 accuratissimum
597 3543 756 3595 dubitationi
785 3544 904 3594 studiose
933 3545 1082 3610 quaesivit:
1114 3553 1141 3596 et
1172 3546 1310 3608 inveniens,

217 3616 308 3667 divum
326 3629 417 3682 regem
444 3614 576 3665 dominum
601 3615 718 3666 Leonem
745 3616 887 3681 scripsisse
905 3615 1043 3666 novellam
1064 3614 1096 3665 de
1116 3615 1167 3679 his,
1188 3615 1310 3668 eobfusrm

217 3693 304 3737 autem
338 3702 397 3738 esse
418 3701 474 3736 eam
494 3695 628 3738 vetustate
657 3696 685 3738 et
702 3686 804 3737 irritam
823 3687 962 3750 mansisse,
984 3687 1158 3739 resuscitavit
1176 3687 1241 3739 banc
1258 3688 1310 3756 lap.

218 3773 273 3810 sam
291 3763 318 3806 et
334 3757 480 3824 potentiani
501 3758 525 3807 ei
544 3758 657 3821 addidit,
688 3756 869 3825 pulcherrime
889 3758 1018 3809 adiiciens
1047 3772 1149 3832 causas,
1161 3766 1187 3809 et
1202 3760 1312 3827 magnii.

218 3828 323 3878 centius
350 3837 376 3879 et
403 3829 497 3879 iustius
527 3845 560 3880 ex
587 3829 773 3881 occasionibus
793 3827 978 3895 probabilibus
1004 3829 1136 3880 adornans
1156 3829 1272 3896 edictum,
1288 3839 1311 3881 et

217 3898 285 3950 fines
304 3900 468 3951 constituens
488 3899 586 3952 furoris
606 3909 632 3952 et
650 3901 741 3951 modos
757 3907 783 3951 et
801 3909 921 3966 tempora
936 3901 1091 3967 patientiae,
1111 3908 1191 3968 atque
1210 3908 1259 3952 tum
1275 3903 1310 3954 di.

217 3968 335 4020 vertiam
353 3986 526 4037 proponens,
559 3988 617 4022 eum
636 3972 740 4038 bestiae
759 3973 844 4024 instar
870 3970 976 4022 morbos
997 3971 1099 4022 fureret
1127 3980 1154 4022 et
1173 3973 1310 4025 contubcr.
1396 4007 1397 4028 t

218 4037 276 4091 nali
297 4051 438 4104 appareret
467 4042 648 4113 intolerabilis
674 4052 701 4094 et
725 4051 828 4111 tempus
854 4057 929 4111 spem
959 4042 1104 4095 curationis
1124 4050 1227 4096 vemet
1242 4053 1310 4114 atque

220 4107 370 4178 perieulum
389 4112 541 4180 augeretur.
