2834 4750
515 243 723 318 utstolttd.
1098 236 1169 315 185

53 407 248 480 Ῥουσόλιον
269 411 467 493 ἐμεμαθήκει
487 409 568 493 πρός
588 408 646 493 τὴν
677 411 854 491 ἀντιπέραν
873 404 1174 492 στρατοπεδεύσασ-

62 513 142 588 θαι,
164 510 220 592 την
247 511 281 575 s’ai
312 512 368 593 τῆς
391 514 452 575 τῶν
471 511 692 594 Ἀρμενιακῶν
719 502 840 592 ἄραντα
863 505 944 589 μετό
973 509 1090 590 πολλῆς
1121 501 1177 572 καί

65 609 237 693 α’γρόπνου
258 613 312 694 τῆς
333 607 487 687 ἱππασίας
510 611 565 675 καί
591 609 779 684 ἐπιτόσεως,
818 610 948 689 πέμψας
979 609 1014 672 δὲ
1046 606 1062 671 ό
1090 609 1195 672 Kar·-

65 734 135 794 σαρ
159 713 235 792 περί
254 713 421 795 συνθηκῶν
455 711 544 800 αὐτῷ
563 713 616 775 καί
634 710 780 794 εἰρήνης,
809 707 851 784 ῶς
876 707 976 789 είκός,
1005 708 1173 783 διελέξατο.

22 833 50 886 5
65 809 131 874 ουίι
151 813 185 876 ἐν
206 809 265 900 ἴσῳ
286 813 321 876 δὲ
344 814 389 900 τῷ
409 812 463 895 τῆς
484 811 581 896 τόχης
605 809 847 892 α’ποτελόσματί
867 831 898 874 τε
929 810 984 872 καί
1013 806 1173 889 συγκυρη.
1194 856 1197 860 .

62 935 148 994 ματι
171 910 229 997 την
251 916 422 995 πρεσβείαν
443 909 638 998 εἰσήνεγκεν,
661 912 732 976 οὐδ’
754 910 808 977 ε’πί
838 911 1015 996 φιλοτίμοις
1045 905 1175 990 ἐπαγγε·

62 1015 156 1087 λίαις
176 1017 232 1076 καί
252 1017 399 1097 δωρεαῖς,
422 1013 493 1076 ἄλλ’
522 1015 576 1078 όπί
601 1014 789 1079 ταπεινώσει
816 1009 873 1075 καί
900 1009 1069 1096 συμβουλῇ
1094 1009 1176 1091 τόχσ

63 1114 130 1179 τοῦ
147 1112 192 1198 μή
217 1116 342 1198 α’πηνῶς
364 1115 418 1178 καί
436 1117 586 1196 χαλεπῶς
619 1115 891 1197 διαχειρισθῆναι.
919 1106 952 1174 ’ό
981 1110 1016 1173 δὲ
1044 1104 1177 1174 ‘Panot-

63 1222 139 1291 λιος
158 1211 227 1297 ἅμα
248 1217 308 1296 μὲν
330 1223 400 1290 ταῖς
427 1217 525 1289 ἰδίαις
546 1213 641 1297 χερσί
663 1217 816 1298 θαρρῶν,
845 1207 914 1294 δόμα
942 1212 977 1275 δδ
1006 1208 1062 1273 καί
1080 1214 1175 1272 πολε-

2 1317 167 1400 mplexari
192 1315 393 1401 φρονήματος
429 1314 483 1379 καί
504 1314 721 1399 γενναιότητος
751 1319 870 1390 πνέων,
893 1314 949 1377 orla
970 1307 1095 1387 ἐδέξατο
1119 1310 1178 1393 τὴν

63 1421 242 1502 πρεσβείαν
270 1415 313 1491 ῶς
337 1418 556 1498 α’τιμόζουσαν
589 1416 690 1480 adrat
713 1414 770 1499 τὴν
791 1412 886 1498 ἶσχόν
907 1416 961 1478 καί
983 1412 1176 1476 όπειλοόοαν

63 1516 125 1582 καί
144 1515 218 1601 οόχί
234 1518 435 1603 δεξιουμένην
469 1515 566 1582 αότόν
588 1516 794 1599 όποσχέσεσι.
848 1517 905 1579 καί
924 1512 977 1579 διό
999 1515 1094 1577 τοῦτο
1115 1510 1174 1574 πό.

64 1625 165 1700 λεμος
192 1618 314 1703 α’μφσῖν
337 1609 662 1705 ἐπεκηρυκεόθητοῖς
677 1621 817 1698 μέρεσιν.
860 1613 1016 1700 ἐπεχείρει
1036 1616 1098 1696 μὲν
1117 1605 1174 1676 οόν

67 1717 86 1784 ό
111 1723 239 1801 Καίσαρ
263 1717 316 1782 διό
340 1719 398 1799 τῆς
414 1717 558 1804 γεφόρας
582 1721 800 1802 περαιωθῆναι
824 1719 892 1783 κατ’
918 1717 1033 1780 αότοῦ·
1077 1735 1173 1780 συνε-

7 1839 52 1894 15
66 1821 203 1903 βούλευε
226 1821 256 1880 δ’
278 1817 294 1882 ό
317 1820 534 1905 συστράτηγος
558 1813 612 1905 (ἦν
633 1823 662 1882 δ’
689 1811 782 1895 οὗτος
804 1818 990 1903 Νικηφόρος
1010 1837 1173 1899 κουροπσ-

68 1917 165 2004 λότης
190 1918 206 1982 ό
232 1921 454 2005 Βοτανειότης,
477 1919 557 2004 όνὴρ
582 1918 614 2000 ἐξ
634 1918 769 1999 ἐνδόξων
797 1918 963 2002 γενόμενος
981 1915 1037 1980 καί
1057 1920 1174 1999 προγο.

68 2019 159 2106 νικην
193 2018 276 2103 ἔχων
307 2018 364 2104 την
387 2019 619 2106 στρατιωτικόν
649 2018 869 2105 γενναιότητα,
901 2021 957 2082 καί
977 2015 1057 2081 κατό
1078 2022 1174 2102 χεῖρα

68 2122 126 2188 καί
145 2124 247 2208 φρόνα
270 2116 393 2185 πόντων
415 2123 605 2207 όπερφέρων
633 2122 688 2184 καί
718 2120 960 2201 ὖπερκείμενος,
992 2116 1302 2201 notoncurt-2⁰⁶¹·
1393 2143 1396 2147 ’

67 2225 267 2306 λαμπρότητι
294 2221 349 2286 καί
378 2227 561 2307 περιουσίας
591 2221 752 2303 όλβιότητι
781 2216 860 2285 κατόι
894 2222 1000 2285 πεῖσαν
1018 2213 1172 2298 ἀνατολήν

14 2320 238 2409 ρρτυγχόνων
267 2323 512 2410 ἐπισημότατος)
545 2320 588 2408 μη
631 2324 780 2407 διαβῆναι
816 2317 871 2386 τόν
903 2319 1063 2401 ποταμόν,
1089 2314 1170 2381 α’λλό

67 2432 251 2508 περιμεῖναι
281 2426 335 2487 καί
360 2422 394 2489 τό
429 2423 539 2489 λοιπόν
558 2428 616 2490 τοό
643 2424 802 2505 στρατοῦ,
833 2420 888 2487 καί
907 2416 929 2507 η’
949 2418 1173 2500 καταμαλάξαι

67 2525 122 2591 τόν
143 2521 307 2608 βόρβαρον
327 2525 539 2608 ὑποσχέσεσιν
562 2529 595 2591 ἑκ
617 2526 671 2608 τῆς
701 2519 913 2607 ὑπερθέσεως,
935 2514 955 2605 ἢ
977 2516 1173 2605 περαιοόμε-

67 2646 123 2691 νον
144 2628 179 2690 εἰι
200 2626 256 2709 τῆς
277 2622 422 2712 γεφύρας
442 2628 598 2704 δέξασθαι
621 2621 857 2709 α’παρόοκευον,
880 2618 901 2708 ἢ
920 2618 997 2707 μετό
1021 2618 1078 2705 τὴν
1100 2622 1172 2684 ε’πι.

68 2729 195 2811 δημίων.
211 2727 270 2791 roi
295 2729 458 2793 ἐπιλοίπου
480 2726 715 2815 στρατεύματος
735 2724 814 2810 μετό
839 2730 981 2803 πλείονος
999 2722 1099 2814 τοότιρ
1119 2724 1174 2809 τῆς

110 2864 114 2869 ’
142 2880 168 2933 2.
192 2877 320 2949 ἄραντας
337 2879 367 2934 l).
462 2948 466 2955 1

70 3030 158 3095 parte,
175 3024 326 3093 proiectum
345 3040 403 3077 cum
422 3025 504 3079 multa
524 3033 551 3078 et
568 3026 743 3093 indefatigata
768 3025 903 3095 equitandi
930 3032 956 3077 et
972 3025 1086 3093 impetus
1105 3032 1171 3076 arte.

71 3098 177 3167 legatos
195 3098 301 3148 mittens
320 3096 419 3151 Cacsar
437 3098 469 3149 de
489 3098 657 3166 pactionibus
685 3114 745 3149 cum
770 3112 802 3148 eo
822 3106 849 3149 et
867 3098 899 3149 de
917 3112 994 3165 pace,
1010 3104 1039 3147 ut
1058 3110 1171 3165 aequum

73 3176 144 3232 erat,
169 3170 242 3236 egit,
259 3185 346 3238 neque
374 3172 507 3222 tamenin
526 3172 584 3238 pari
603 3170 724 3221 fortunae
755 3176 853 3221 eventu
881 3176 989 3221 et'casu
1007 3167 1172 3236 legationem

71 3240 186 3304 induxit,
204 3255 293 3308 neque
312 3242 451 3309 generosis
471 3242 609 3311 promissis
630 3250 656 3292 et
673 3242 766 3306 donis,
787 3241 833 3293 sed
854 3247 988 3310 contemtu
1008 3246 1035 3290 et
1056 3236 1170 3290 consilio

72 3319 172 3364 tantum
190 3324 245 3363 non
264 3328 375 3380 asperae
396 3320 422 3365 et
440 3313 558 3366 dil'fieilis
577 3314 755 3365 tractationis.
792 3313 838 3363 sed
851 3311 977 3365 lluselius
1004 3312 1051 3380 qni
1070 3316 1097 3361 et
1115 3309 1171 3360 suis

4 3406 5 3409 ¹
71 3381 193 3435 manibus
219 3385 366 3436 confideret
385 3392 411 3435 et
438 3384 563 3437 bellicam
591 3385 781 3453 cogitationem
805 3384 1028 3451 nobilitatemque
1048 3382 1171 3449 spiraret,

71 3469 126 3507 non
143 3457 249 3521 accepit
267 3455 448 3525 legationem,
474 3460 574 3525 quippe
594 3472 663 3526 quae
689 3457 746 3507 eius
766 3457 830 3508 vim‘
839 3461 1023 3509 contemneret
1043 3460 1071 3504 et
1089 3452 1173 3502 minas

73 3527 157 3578 lerret
175 3540 263 3593 neque
282 3527 488 3594 amplecteretur
507 3545 566 3579 eum
585 3528 738 3596 promissis:
759 3534 838 3595 atque
857 3528 926 3580 banc
945 3527 979 3578 ob
997 3541 1054 3576 reru
1072 3521 1174 3575 bellum

73 3596 192 3663 utrisque
211 3598 338 3650 indictum
358 3606 398 3650 est
417 3600 544 3666 partibus.
566 3600 688 3652 studebat
706 3600 788 3667 igitur
807 3597 904 3654 Caesar
923 3606 1004 3665 ponte
1024 3593 1174 3661 transgredi

74 3674 262 3720 contraeunte
285 3670 413 3721 suadebat
432 3678 520 3722 autem
541 3671 649 3739 collega
669 3670 726 3721 cius
752 3671 856 3737 imperii
880 3674 954 3739 (erat
972 3669 1015 3719 hic
1036 3663 1173 3731 Nicepho-

73 3754 118 3793 rus
137 3736 305 3806 curopalates
324 3740 488 3807 botaniates,
507 3742 585 3793 bomo
604 3743 636 3793 ab
656 3740 805 3794 illustribus
825 3742 952 3794 oriundus
971 3747 998 3790 et
1016 3738 1092 3807 quasi
1112 3736 1174 3787 avi.

74 3820 124 3863 tam
143 3809 243 3863 habens
261 3811 404 3865 militarem
423 3813 609 3877 nobilitatem,
631 3821 657 3864 et
675 3828 755 3865 mann
775 3821 803 3863 et
820 3813 930 3882 ingenio
949 3811 1070 3862 omnibns
1091 3823 1173 3875 prae-

74 3888 193 3935 stana-et
211 3885 350 3950 superior,
371 3894 397 3937 et
416 3886 523 3954 generis
543 3884 687 3950 splendore
717 3892 744 3935 et
759 3899 846 3935 rerum
872 3883 1031 3935 abnndantia
1054 3882 1081 3931 in
1101 3879 1172 3929 omni

75 3954 177 4005 oriente
198 3952 387 4026 clarissimus),
406 3973 440 4008 ne
464 3956 572 4007 lluvium
591 3955 726 4018 transiret,
755 3957 800 4006 sed
820 3960 987 4022 exspectaret
1006 3954 1084 4004 etiam
1103 3949 1172 4003 reli-

75 4038 151 4092 quum
172 4028 328 4092 exercitum,
350 4038 429 4097 atque
448 4037 493 4079 aut
513 4024 648 4077 emolliret
662 4026 799 4077 barbarum
810 4028 947 4093 promissis
965 4023 1110 4085 dilatando,
1127 4030 1174 4073 aut

73 4102 265 4165 transgressum
288 4114 321 4151 ex
338 4109 420 4168 ponte
440 4101 579 4167 exciperet
597 4100 762 4164 imparatum,
782 4106 826 4152 ant
845 4097 1055 4165 postadventnm
1074 4092 1174 4161 reliqui

74 4168 205 4221 exercitas
225 4170 327 4223 maiore
347 4188 405 4227 cnm
425 4177 553 4241 apparatu
571 4169 634 4222 bnic
647 4169 796 4224 obveniret.
833 4171 857 4222 is
876 4176 961 4223 eutem
980 4166 1106 4237 neglecto
1120 4164 1171 4216 boc
1242 4225 1246 4231 ³
