2834 4750
231 277 300 330 rut
428 263 668 334 wttuttuar
698 263 877 330 saunari
905 265 960 328 nu
993 262 1144 362 Pltffl

231 446 418 530 adducens
431 451 600 528 Pluerum
618 447 653 543 ¹),
681 448 843 547 denique
870 450 1048 522 llaenelus
1072 447 1173 547 V.Cl.
1190 450 1229 538 ²).
1257 448 1333 523 Ne-

230 597 293 644 mo
315 587 453 668 tamen,
480 574 583 671 quod
606 574 731 668 sciam,
754 575 979 646 mentionem
999 574 1085 646 lecit
1107 573 1245 646 codicis
1271 573 1335 644 bi·

232 698 441 772 bliothecae
457 700 678 794 parisiensis,
704 699 884 797 adquam
911 714 1034 772 tamen
1062 699 1180 773 doctis
1205 700 1335 772 bomi-

222 825 341 897 ‘nibus
376 838 412 895 et
445 824 626 922 indigenis
661 839 697 896 et
724 826 931 923 peregrinis
963 825 1153 897 facillimus
1186 849 1336 922 semper

142 940 146 957 ¹
232 948 300 1022 luit
317 948 456 1026 aditus.
517 950 644 1046 Neque
672 950 943 1022 Montefalconii
963 951 1160 1048 catalogus
1192 951 1334 1022 biblio-

230 1073 360 1148 thecae
386 1073 641 1167 Coislinianae,
668 1100 744 1171 quo
773 1077 982 1147 continetur
1003 1073 1148 1148 Codicis
1173 1077 1243 1150 136
1268 1099 1335 1147 ac·

232 1214 355 1272 curata
378 1198 589 1296 descriptio,
605 1205 641 1288 i)
669 1201 775 1272 ullius
801 1216 844 1273 ut
867 1201 1012 1272 videtur
1029 1202 1177 1281 salivam¹
1202 1184 1332 1275 morit.
1413 1222 1414 1233 ¹

112 1386 116 1398 „
228 1325 412 1421 Nusquam
440 1325 536 1426 enim
554 1311 666 1397 ullum
684 1327 807 1398 locum
823 1327 931 1399 buius
946 1327 1120 1399 historiae
1142 1325 1332 1399 laudatum
1413 1348 1414 1351 ’

233 1451 366 1547 reperi,
389 1455 510 1547 neque
532 1451 569 1522 in
587 1452 760 1551 glossario
788 1450 931 1523 mediae
958 1466 994 1523 et
1019 1427 1167 1523 infimae
1191 1453 1334 1550 graeci·
1413 1448 1414 1467 ³

231 1577 524 1672 tatisCangiano,
558 1602 678 1673 neque
705 1578 744 1648 in
771 1579 882 1686 ipsius
893 1543 1162 1651 Mbntelalcouii
1179 1579 1333 1676 palaeo-

233 1701 386 1798 grapbia
405 1725 546 1799 graeca.
575 1701 812 1798 Quapropter
838 1703 1066 1799 simulatque
1092 1703 1213 1774 inveni
1238 1727 1334 1800 opus

164 1905 167 1914 ¹
233 1825 355 1899 adhuc
379 1853 496 1924 paene
524 1827 765 1926 incognitum,
792 1828 883 1899 nibil
909 1828 1096 1925 antiquius
1121 1827 1332 1925 duriquam

237 1966 277 2023 ut
302 1967 505 2024 accuratam
533 1953 672 2025 codicis
695 1953 959 2024 Escoriacensis
983 1954 1213 2049 acquirerem
1231 1955 1333 2025 noti-

234 2077 335 2151 tiam.
388 2059 529 2151 Etenim
558 2079 588 2149 is
615 2077 731 2149 codex
758 2103 777 2148 a
805 2077 983 2150 Michaele
1010 2078 1143 2172 Balbo,
1176 2079 1204 2148 si
1236 2077 1331 2150 fides
1414 2080 1415 2085 ’

230 2203 378 2276 Labbeo
402 2205 618 2276 acFabricio
646 2203 871 2297 adhibenda,
896 2204 969 2274 hoc
995 2217 1048 2275 est
1075 2205 1120 2275 ab
1148 2209 1330 2278 aun0820

230 2331 374 2415 initium
414 2331 607 2429 sumpsisse
650 2329 863 2424 dicebatur,
900 2344 1023 2403 noster
1056 2343 1183 2401 contra
1207 2354 1236 2402 -a
1263 2329 1332 2401 tti-
1415 2375 1416 2418 3

148 2479 151 2497 ¹
232 2457 630 2553 chaele.Paphlagone,
657 2481 754 2526 anno
780 2468 922 2526 tantum
943 2449 1039 2528 1034
1066 2455 1207 2551 incipit.
1259 2454 1333 2527 Sed
1415 2481 1416 2494 ¹

234 2582 543 2678 frustratlagitavi
575 2594 614 2652 ut
640 2582 732 2652 haec
758 2606 838 2675 mea
860 2580 906 2652 de
929 2605 968 2651 re
994 2582 1053 2652 illa
1075 2580 1257 2652 dubitatio
1283 2584 1332 2651 si·
1415 2649 1416 2686 ,

235 2705 470 2805 gnificatione
505 2706 627 2803 aliqua
648 2707 848 2778 tolleretur.
910 2731 1007 2793 anno
1042 2703 1192 2779 tandem
1235 2699 1333 2780 1842
1415 2707 1416 2718 ’

115 2811 117 2815 v
206 2830 641 2929 ‘Eduardustaboutaye
668 2830 878 2916 academiae
893 2831 1174 2928 inscriptionum
1201 2828 1365 2928 socius,'

235 2958 443 3054 Hispaniam
472 2983 677 3057 peragrans,
705 2981 778 3072 qua
803 2957 871 3028 luit
896 2982 1041 3055 semper
1063 2957 1102 3029 iu
1127 2982 1187 3030 me
1216 2958 1334 3030 bene-
1369 2973 1375 2979 ’

79 3155 83 3164 ,
132 3142 135 3147 ,
231 3084 402 3177 volentia,
421 3097 548 3180 rogatu
561 3108 646 3153 meo
662 3083 935 3155 Scoriaccnsem
948 3084 1211 3155 bibliothecam
1227 3081 1331 3176 adiit,

229 3207 397 3279 codicem
413 3208 575 3299 invenit,
597 3208 765 3303 inspexit,
792 3206 967 3306 misitque
990 3209 1085 3308 ¹mibi
1109 3208 1332 3304 descriptio-

233 3359 332 3427 nem,
359 3358 469 3430 quam
489 3333 591 3405 omni
615 3347 719 3430 parte
745 3333 1004 3431 comprobarit
1017 3348 1205 3407 accuratus
1233 3334 1333 3436 eius·

241 3554 476 3567 ...μ-α

333 3700 362 3769 1)
381 3700 408 3751 in
429 3698 570 3752 ltinerario
589 3712 638 3766 per
657 3699 828 3766 Hispaniam,
846 3698 1051 3765 Lipsiaet‘lll.
1072 3714 1099 3765 p.
1119 3699 1179 3751 182.

331 3822 362 3890 2)
383 3820 506 3889 caulogt
535 3823 662 3876 librorum
681 3820 754 3875 tiss.
798 3820 905 3889 Lipsiae
931 3820 1008 3873 1830.
1038 3821 1082 3887 qui
1113 3828 1204 3873 tamen
1228 3820 1331 3874 fallitur

233 3935 353 3988 indicans
373 3936 493 3987 codicem
516 3936 548 3987 18
565 3936 635 3988 Plut.
654 3936 675 3988 1.
696 3952 760 3988 arm.
778 3940 811 3990 Σ.
834 3950 887 4005 quo
906 3936 1077 3987 continentur
1095 3933 1234 3988 Michaelis
1254 3936 1332 4003 Apo.

233 4046 307 4100 stolii
328 4048 403 4101 varia
420 4050 527 4115 scripta.

329 4171 361 4239 3)
380 4168 553 4222 Bibliotheca
564 4169 729 4224 Coisliniana
747 4170 809 4222 olim
824 4168 997 4239 Seguiercaa.
1018 4170 1126 4225 Parisiis
1148 4169 1215 4225 1715
1234 4184 1260 4237 p.
1272 4169 1331 4223 too.
