2834 4750
253 285 323 365 192
548 303 768 372 mensuris
791 303 1053 419 dssdUOTdE

248 474 304 540 τόν
323 477 359 542 dd
379 481 533 562 Καίσαρα
557 480 612 545 διὰ
633 487 727 568 τιμῆς
748 477 875 567 ἄγοντες
903 477 1014 550 ἄνετον
1034 479 1124 568 εἶχον
1143 483 1204 548 καί
1223 491 1295 559 τοῖς
1319 483 1367 548 σι’-

162 571 167 582 ’
249 581 345 662 κείοις
365 579 499 663 α’μφίοις
520 561 676 664 λπίτιμον.
722 579 807 666 ὅμως
830 589 859 650 δ’
882 579 940 650 ούν
967 589 1173 673 ἀμφοτέρους
1196 592 1366 669 χρυσίνων

245 675 362 741 ἱκανιόν
382 674 658 748 ἀπαλλάττεσθαι
673 683 850 768 διεμήνυον.

343 779 565 866 Ἀγγελθείσης
595 786 629 848 δὲ
666 787 722 866 τῆς
752 783 873 852 τούτων
902 789 1021 871 τροπῆς
1050 789 1105 852 καί
1135 785 1297 864 οἱλούσεως
1316 792 1364 874 ’τῷ

212 857 215 864 ⁴
244 883 420 964 κρατοῦντι,
442 884 650 966 ἐκκλησιάσας
670 875 762 961 οὗτος
781 885 834 951 dni
853 891 1010 953 παλατίου
1034 889 1120 976 πύση
1142 890 1185 975 τῇ
1206 888 1381 976 γερουσίρ5

243 975 399 1045 ἔκπυστον
420 983 476 1045 καί
497 981 637 1068 φανερόν
656 988 784 1069 ἐποίησε
805 986 839 1052 τύ
863 989 1001 1070 συμβάν.
1031 992 1090 1053 τού
1110 989 1148 1051 δὲ
1173 987 1360 1070 τιμήματος

242 1082 303 1142 τῶν
323 1074 507 1146 ἑαλωκότων
539 1079 784 1167 ἐπιζητούμενον
807 1086 894 1170 παρὰ
931 1093 993 1154 τῶν
1016 1089 1180 1173 Τούρκιον,
1204 1086 1360 1153 ἔσπευδεν

243 1177 260 1240 δ
282 1178 434 1260 βασιλεύς
457 1184 497 1245 δι’
510 1183 689 1267 ἐξωνήσεως
711 1187 840 1262 τούτους
862 1188 1097 1270 χειρώσασθαι.
1141 1192 1359 1267 ἑπικατέλαβε

134 1311 138 1322 ,
242 1277 304 1362 yolo
329 1281 383 1344 καί
406 1279 424 1344 ὅ
450 1280 490 1345 τύ
523 1288 631 1367 πρῶτα
656 1290 875 1372 φέρων-παρὰ
905 1294 947 1376 τῷ
967 1293 1113 1373 Καίσαρι
1138 1289 1183 1365 ὥς
1205 1292 1358 1363 παιδείας

242 1377 343 1461 λόγων
365 1383 420 1444 καί
441 1389 646 1466 πολυπειρίας
666 1385 891 1482 α’ντεχόμενος,
915 1393 1087 1465 Βασιλειος
1106 1385 1385 1473 πρωτοσβείιτης10

243 1474 259 1540 o‘
287 1483 451 1565 Μαλέσης,
476 1485 707 1566 ἑλευθερωθείς
729 1491 789 1567 μὲν
817 1493 852 1553 ἐκ
872 1494 935 1554 ταῖν
965 1490 1112 1573 Τούρκων
1131 1493 1231 1574 τιμῆς
1253 1493 1356 1572 ἆδριῖς

242 1579 301 1662 πρύ
323 1585 446 1664 καιροῦ,
469 1587 686 1668 προσληφθείς
715 1588 751 1650 δὲ
780 1593 824 1677 τῷ
849 1592 996 1675 Καίσαρι
1018 1594 1185 1678 στρατηγῷ
1210 1595 1276 1654 τού
1300 1612 1356 1652 πο-

241 1683 339 1760 λέμου
361 1673 497 1766 ’ἔναγχος
528 1685 802 1776 ιίποδεδειγμένιρ,
824 1693 1052 1786 συμβουλεύων
1079 1695 1124 1782 apl
1141 1698 1287 1774 βασιλεῖ
1302 1717 1353 1757 τα.

240 1783 324 1865 χέας
345 1781 506 1864 πρίασθαι
528 1785 671 1867 τούτους,
693 1789 810 1874 ἵναμή
844 1793 873 1856 οἱ
901 1797 1049 1877 Τοῦρκοι,
1073 1792 1116 1867 ὥς
1139 1790 1209 1857 ἔστι
1230 1797 1353 1874 βεβου-

241 1884 391 1963 λευμένον
414 1882 533 1969 αύτοῐς,
563 1888 699 1967 βασιλέα
728 1885 896 1970 Ῥωμαίων
923 1893 979 1958 τὸν
1001 1897 1155 1975 Καίσαρα
1180 1896 1384 1976 προχειρί-15

244 2006 374 2062 σωνται,
396 1982 451 2048 καί
470 1982 523 2048 διαὶ
547 1989 638 2050 τοῦτο
667 1989 805 2075 μεγάλης
837 1993 994 2078 ὠφελείας
1013 1989 1101 2075 παραὶ
1125 1993 1352 2071 ταῐνῬωμαῖ-
1389 2081 1394 2090 ⁸

240 2085 303 2148 κύν
327 2083 449 2149 πόλεων
471 2088 527 2151 καί
545 2090 660 2171 κωμῶν
677 2089 732 2153 καί
753 2093 917 2159 δυναστῶν
940 2095 1084 2181 α’μαχητί
1105 2095 1348 2172 ε’πιτεύξωνται·

240 2187 332 2248 τούτο
351 2185 428 2268 γάρ,
452 2188 564 2272 φησίν,
587 2189 784 2274 ἐμεμαθήκει
807 2200 1003 2272 μελετῶντας
1026 2195 1156 2271 αύτούς.
1203 2192 1294 2261 οδτω
1315 2199 1348 2259 δὲ

240 2287 486 2365 συμβουλεύσας
504 2291 608 2364 καλῶς
632 2293 726 2354 ου’δὲν
738 2296 795 2377 τής
810 2299 961 2381 τοιαύτης
983 2294 1131 2361 ἀπώνατο
1146 2300 1349 2381 συμβουλῆς,

239 2386 271 2449 εἰ
286 2383 332 2469 μή
356 2390 410 2450 καί
430 2389 551 2466 μᾶλλον
572 2391 689 2466 α’διλιως
709 2392 882 2478 ὑπερορίαν
904 2402 1075 2483 κατεκρίθη
1097 2402 1154 2463 καί
1173 2396 1381 2483 δήμευσιν,ρρ

240 2476 291 2550 οἷα
316 2486 354 2551 τύ
375 2491 432 2553 τοῦ
452 2489 559 2554 δεινοδ
581 2496 636 2556 καί
656 2496 796 2577 πονηρού
824 2498 1044 2582 πολεμήτορος.
1087 2494 1192 2581 οἷ’δροὶν
1212 2492 1272 2564 οὖν
1292 2501 1348 2566 καί

237 2590 479 2669 βαρυτάλαντον
495 2592 633 2675 χρυσίου
655 2599 813 2681 ποσότητα
835 2594 997 2681 συστήσας
1019 2594 1036 2662 i
1056 2605 1237 2683 βασιλεύων
1268 2608 1346 2685 τούς

143 2682 145 2687 ’
238 2676 491 2772 έξωνησομένους
514 2687 634 2770 αύτούς
659 2693 850 2763 οἷπέοτειλεν.
894 2701 965 2764 ἐπεί
984 2701 1020 2764 δὲ
1040 2700 1060 2785 ἦ
1080 2704 1140 2769 τού
1155 2705 1343 2777 Ῥουσελίου

314 2846 355 2901 12.
374 2852 552 2924 προληφδελο
571 2852 600 2909 0.

238 2987 347 3055 proprio
365 2987 449 3055 pallio
470 2990 643 3046 honoratum:
662 3002 750 3050 tamen
768 3006 908 3071 utrumqne
927 3006 1131 3064 accommodatis
1150 3005 1274 3078 pecuniis
1291 3032 1340 3069 re.

237 3060 299 3111 dimi
317 3074 398 3127 posse
418 3060 634 3131 significabant·
1095 3084 1105 3090 '

335 3131 400 3186 cum
428 3133 522 3192 borum
546 3136 609 3205 iuga
635 3148 661 3191 et
680 3143 821 3209 captivitas
840 3146 992 3213 imperatori
1018 3156 1137 3207 nuntiata
1156 3167 1338 3224 esset‚‘con-

186 3258 187 3261 Ἴ
235 3202 315 3253 odone
343 3214 491 3258 convocata
517 3206 561 3258 hic
589 3210 616 3260 in
642 3212 743 3277 palatio
774 3218 844 3267 omni
872 3224 976 3273 senetui
995 3225 1165 3281 manifestum
1190 3239 1218 3282 et
1236 3232 1337 3284 clarum

233 3272 348 3327 reddidit
366 3275 481 3328 iactum:
501 3287 581 3347 atque
601 3298 660 3343 cum
678 3300 774 3338 census
801 3292 967 3355 captivorum
988 3303 1162 3363 quaereretur
1181 3317 1215 3353 ex
1234 3302 1335 3368 loreis,

232 3344 355 3397 studebat
375 3362 423 3398 rex
440 3350 606 3403 redemtione
624 3353 673 3406 bos
692 3357 834 3425 subigere:
853 3372 990 3417 assecutus
1009 3369 1078 3419 enim
1097 3371 1124 3422 id
1137 3381 1194 3424 erat
1214 3377 1261 3442 qui
1280 3379 1335 3443 pri-

232 3430 287 3468 mas
307 3417 403 3487 agebat
421 3420 491 3485 apud
509 3420 651 3477 Gaesarem
676 3434 770 3493 utpote
798 3433 949 3487 eruditione
974 3441 1122 3492 orationum
1144 3452 1171 3495 et
1188 3449 1334 3513 experien.

231 3488 269 3540 tia
287 3489 441 3555 praeditus,
468 3490 584 3546 Basilius
604 3496 719 3549 blaleses
747 3507 988 3566 protovestiarius:
1014 3513 1184 3580 quiquidem
1205 3516 1333 3570 liberatus

230 3557 372 3612 'lurcorum
399 3561 502 3614 bonore
520 3562 601 3629 pleno
623 3576 725 3621 mature
751 3578 777 3623 et
796 3575 929 3639 praelatus
945 3578 1053 3634 Caesari
1084 3584 1144 3636 duci
1163 3587 1231 3639 belli
1250 3606 1333 3656 nuper
1403 3618 1405 3626 ν

231 3640 321 3684 creato
349 3632 477 3685 suadebat
506 3636 566 3703 regi
586 3644 614 3687 ut
632 3638 759 3692 celeriter
788 3644 836 3697 bos
856 3658 975 3715 emeret,
994 3668 1029 3710 ue
1047 3654 1158 3722 Tuscae,
1177 3667 1206 3711 ut
1225 3669 1283 3713 erat
1300 3664 1331 3714 ab

230 3702 264 3754 iis
295 3710 436 3771 statutum,
468 3721 559 3774 regem
582 3707 742 3763 Graecorum
768 3714 910 3787 Gaesarem
936 3720 1057 3777 lacerent
1082 3736 1109 3779 et
1131 3728 1200 3781 hanc
1225 3732 1332 3785 obrem

229 3768 351 3841 magndm
372 3776 544 3830 utilitatema
564 3778 672 3833 Graecis
692 3783 800 3838 urbibus
826 3796 853 3839 et
879 3792 955 3858 pagis
980 3802 1007 3845 et
1033 3797 1145 3852 dominis
1165 3803 1225 3853 sine
1243 3819 1331 3873 pugna

230 3856 429 3911 compararent:
450 3848 501 3900 boc
523 3850 601 3915 enim,
622 3860 650 3904 ut
669 3854 773 3922 aiebat,
792 3858 932 3913 audiverat
955 3880 1002 3916 eos
1021 3870 1137 3922 studere.
1175 3889 1329 3943 quamquam

180 3906 188 3920 '
229 3920 316 3965 autern
336 3919 372 3967 ita
402 3928 522 3972 suaserat
541 3921 742 3989 pplcbrcnihil
760 3930 863 3995 profuit
884 3934 912 3983 ei
935 3936 990 3987 tale
1010 3941 1160 4008 consilium,
1180 3945 1233 3996 nisi
1253 3949 1330 3998 etiam

228 3985 313 4053 magis
331 3986 431 4040 iniuste
460 3991 535 4043 exilii
556 3993 690 4049 damnatus
718 4006 804 4051 estet
825 4002 1030 4074 publicationis,
1061 4013 1149 4079 qualia
1163 4015 1223 4067 lieri
1241 4017 1345 4070 solent:
1403 4019 1404 4032 ¹

227 4054 385 4107 aviolouto
416 4068 442 4111 ot
469 4062 573 4114 diiiicili
596 4065 738 4121 bellatore.
776 4071 882 4138 plenam
910 4092 975 4145 crgo
1006 4089 1033 4131 et
1060 4099 1168 4151 gravem
1198 4076 1327 4154 pecuniao

226 4125 421 4180 multitudinem
434 4139 573 4200 postquam
594 4142 760 4205 comparavit
776 4158 833 4208 rex,
854 4161 900 4198 eos
920 4151 965 4216 qui
984 4153 1128 4208 redemturi
1144 4156 1210 4211 illos
1230 4168 1325 4224 essent,
1403 4217 1404 4230 ¹

225 4198 334 4254 dimisit.
372 4214 432 4253 cum
457 4211 545 4255 autem
564 4220 632 4259 uxor
650 4208 764 4276 Ruselii,
784 4230 853 4280 quae
877 4218 905 4268 in
924 4221 1037 4275 castello
1056 4224 1191 4280 bletabolo
1210 4228 1325 4291 libenter
1403 4287 1404 4290 ,
