2834 4750
189 255 262 336 nott
477 263 696 336 urcutmrs
727 265 988 334 ummromu

186 439 311 524 α’γοράν
326 438 436 503 σιτίων
467 437 593 526 ἒξιοάσῃ
616 442 831 521 προσέβαλον·
884 440 940 502 καί
958 440 989 504 εἰ
1007 433 1052 521 μὴ
1072 436 1170 520 ταχὺ
1195 435 1316 500 διανα-

187 538 266 612 στάς
288 533 303 602 ὃ
323 537 473 618 βασιλεάς
497 540 531 603 ἐκ
551 542 607 622 τῆς
636 541 746 624 φήμης
766 534 895 624 ὥρμησε
922 543 990 604 κατ’
1011 542 1134 615 αδτοδν,
1163 532 1316 600 κάκεῖνοι

186 641 231 723 μή
253 639 442 714 δποστάντις
467 643 630 725 διέφυγον,
652 639 736 721 τάχα
757 638 798 704 άν
819 639 961 705 α’ποάλετο
977 645 1073 722 μέρος
1087 640 1317 720 στρατιωτῶν

188 742 244 806 ede
267 739 557 825 ου’καταφράνητον.
602 741 659 825 άφ’
677 731 721 806 ὧν
742 739 777 813 εἴ
792 766 839 815 τις
859 750 923 816 τοῖς
944 749 1139 824 στρατηγοῖς
1166 738 1315 821 ἐπιγρά-

188 837 333 927 perunit:
360 843 475 907 ἐπίπαν
506 840 575 924 ἔχοι
611 840 649 906 τά
677 846 740 906 τιάν
759 841 947 923 ἕκβάσεων,
969 840 1027 907 εἴτ’
1048 845 1102 905 ἐπί
1121 838 1169 905 τά
1199 848 1336 923 χεῖρον5
1399 835 1401 894 ἶ

187 940 244 1008 εἴτ’
265 944 328 1014 Ιἐπί
350 939 387 1004 τά
422 951 560 1026 κρεῖττον
590 942 798 1026 συνάγοιντο,
827 945 867 1006 οὕ
891 943 1065 1026 διαμάρτοι
1087 941 1237 1017 πάντως
1260 943 1316 1004 τοῦ

186 1044 288 1126 δρδοῦ
307 1041 364 1108 καί
389 1045 446 1126 τῆς
468 1042 613 1127 άληθοῦξ
631 1041 843 1128 διαγνώσεως.

284 1145 369 1210 Ἀλλ’
392 1144 410 1206 δ
430 1148 490 1244 μὲν
504 1145 672 1262 βασιλεύς,
696 1139 781 1209 οάτω
802 1146 976 1223 διασωθείς
996 1148 1051 1209 καί
1072 1143 1262 1217 διασώσας
1280 1140 1313 1204 τά

188 1245 429 1361 στρατόπεδον,
452 1243 512 1326 πρά
537 1249 593 1328 τῆς
613 1250 669 1310 τοῦ
698 1246 828 1312 Χάλιπ
838 1246 950 1330 χώρας
976 1247 1208 1332 πανστρατιᾷ
1203 1255 1313 1308 κάτε-

186 1343 337 1469 σκὴνωρε.
383 1344 446 1428 πρά
469 1351 526 1410 τοῦ
549 1352 726 1431 καταβῆναι
749 1351 784 1412 δὲ
805 1352 862 1412 τοῦ
881 1351 990 1426 ἵππου,
1011 1346 1086 1420 τούς
1105 1370 1139 1409 re
1168 1342 1350 1420 Σκάθαςςρ

188 1471 242 1510 και
261 1449 322 1512 τῶν
339 1445 507 1528 Ῥωμαίων
533 1448 591 1512 ode
613 1448 739 1531 ν’λίγους
765 1448 810 1522 εἰς
830 1446 992 1531 προνομὴν
1021 1445 1228 1520 α’ποοτείλας
1254 1441 1313 1525 τήν

187 1550 342 1625 πολεμίαν
367 1545 478 1626 χώραν
508 1553 731 1631 κατεληίσατο,
767 1548 892 1628 άνδρων
917 1573 949 1612 τε
981 1574 1031 1613 και
1058 1548 1233 1629 γυναικων
1253 1542 1313 1606 καί

186 1641 391 1728 βοσκημάτων
425 1649 627 1728 δορυάλωτον
653 1652 775 1732 πλῆθος
796 1650 854 1711 ου’κ
872 1647 1039 1731 ἐλάχιστον
1068 1646 1308 1731 ποιησάμενος.

187 1750 310 1814 ἐκεῖθεν
336 1747 371 1809 δὲ
397 1747 597 1832 προβιβάσας
626 1748 683 1831 τήν
715 1748 869 1834 στρατιάν
897 1746 1008 1836 προῄει
1035 1747 1089 1812 διά
1111 1749 1172 1829 τῆς
1202 1751 1308 1808 πολι-

173 1891 178 1897 -
186 1853 275 1931 μίας,
299 1849 355 1913 κατ’
377 1851 496 1923 διτταῖς
519 1849 653 1932 ἡμέραις
675 1849 756 1929 άμοῦ
779 1854 981 1931 μεταβαίνων
1001 1853 1046 1923 εἰς
1066 1841 1308 1930 τοῦμπροσθεν
1317 1867 1344 1916 15

116 1963 119 1968 “
186 1946 244 2024 τάς
266 1947 426 2032 προνομάς
446 1942 540 2014 οάδὲν
563 1943 655 2035 ἧττον
679 1949 866 2032 ποιούμενος
887 1944 945 2035 ἦν..
992 1957 1133 2034 τριταῖος
1156 1951 1197 2012 δὲ
1221 1944 1304 2028 πρὸς

186 2050 244 2134 τὴν
267 2047 446 2135 Ἱεράπολιν
476 2053 652 2138 α’φιγμένος
675 2049 761 2135 ἑώρα
794 2049 870 2125 τοάς
889 2045 1037 2135 Ἄραβας
1066 2053 1306 2132 περιρρέοντας
1399 2070 1400 2075 ’

191 2152 325 2216 κοιλάσι
347 2155 403 2215 καί
422 2152 691 2235 παραδεικνύντας
710 2153 745 2218 ἔκ
765 2152 940 2238 φαντασίας
960 2152 1015 2217 τὸν
1035 2151 1183 2231 πόλεμον.
1233 2149 1305 2211 ἀλλ’

187 2256 233 2328 εἰς
248 2259 361 2334 χεῖρας
383 2254 489 2318 ἐλθεῖν
509 2280 562 2319 και
584 2255 729 2352 συνάψαι
745 2252 916 2335 Ῥωμαίοις
944 2256 1115 2374 εδδαρσεις
1134 2250 1175 2313 ου’
1199 2247 1299 2332 γεγά-
1399 2240 1401 2339 l

190 2377 293 2437 νασιν,
317 2378 346 2419 τι
365 2353 409 2441 μὴ
435 2355 495 2420 noel
508 2380 590 2434 τινες
612 2355 841 2475 ακροβολισμοι
861 2354 1100 2477 προτρεχόντων
1121 2377 1220 2417 τινων
1244 2353 1338 2424 καίοι]

190 2459 245 2539 τῆς
269 2457 385 2534 τάξεως
406 2454 680 2541 πραπηδοάντων’
666 2458 876 2576 επιγεγάνασι.
922 2459 976 2520 καί
997 2452 1156 2542 προήισαν
1179 2452 1212 2518 οἱ
1235 2459 1297 2532 μὲν

183 2556 337 2637 Ῥωμαῖοι
369 2562 625 2640 συντεταγμένας
651 2555 732 2621 κατά
757 2558 880 2641 λόχους
908 2582 962 2621 και
989 2553 1173 2641 φάλαγγας,
1203 2552 1236 2617 οἱ
1268 2552 1296 2613 δ

179 2649 322 2741 Ἀραβες
343 2657 421 2739 μετά
445 2656 501 2722 καί
520 2661 582 2723 τῶν
601 2658 763 2726 συνόντων
786 2660 896 2735 αδτοΐς
916 2658 1066 2743 Τοάρκιον
1083 2657 1141 2753 oris
1162 2656 1292 2739 σ’λιγων,
1399 2645 1401 2712 l

259 2812 286 2863 5.
305 2811 384 2865 θέλοι
395 2810 539 2878 interpres.
614 2812 656 2865 to.
669 2801 842 2885 προσνομάτ
859 2811 889 2866 0.

188 2955 289 3019 purtem
306 2950 429 3035 aliquem
460 2960 571 3023 propter
600 2953 726 3007 frumenti
750 2959 894 3005 merentum
914 2959 1055 3004 exeuntem
1073 2953 1196 3021 aggressi
1216 2961 1288 3017 suut,

187 3030 267 3089 etque
285 3024 338 3075 nisi
358 3024 485 3078 celeriter
504 3041 627 3094 egressus
646 3042 695 3078 rex
713 3033 823 3093 propter
842 3023 935 3075 famum
954 3024 1174 3102 proficiscebatur
1193 3034 1289 3077 contre

188 3108 234 3145 eos
256 3102 282 3145 et
299 3094 341 3147 illi
359 3112 413 3149 non
432 3100 588 3151 resistentes
610 3098 758 3166 fugiebant,
778 3096 859 3149 focile
879 3097 1004 3164 periisset
1022 3096 1082 3162 pers
1101 3097 1215 3148 militum
1234 3112 1289 3148 uon

187 3169 350 3249 spernenda:
372 3185 454 3237 quere
473 3172 495 3222 si
515 3172 574 3238 quis
592 3170 702 3222 ducibus
715 3170 874 3221 tribuerent
889 3167 1044 3234 plerumque
1054 3166 1084 3217 fit
1096 3168 1165 3220 velit
1177 3170 1288 3230 exitum,

99 3302 114 3311 ,
187 3238 245 3289 sive
265 3240 298 3291 ad
318 3243 395 3306 peius
414 3242 473 3293 sive
489 3244 523 3294 ed
540 3242 636 3293 melius
657 3242 829 3334 conducatur,
854 3254 907 3290 non
926 3240 1032 3290 oberret
1050 3240 1157 3290 omnino
1176 3253 1192 3289 α
1211 3248 1288 3291 recto

188 3318 214 3359 et
231 3325 247 3360 a
258 3325 331 3379 vero
350 3312 460 3363 iudicio.

287 3397 339 3450 Sed
357 3413 406 3449 rex
423 3400 461 3449 itu
482 3408 604 3451 servatus
634 3407 662 3451 et
680 3416 791 3453 servans
812 3401 957 3450 exercitum
981 3405 1043 3449 ente
1063 3406 1161 3454 terram
1181 3396 1286 3465 Gholep

187 3485 245 3520 oum
264 3478 321 3521 toto
342 3471 462 3521 exercitu
488 3472 690 3537 onstra‘posnit.
734 3474 889 3538 priusquam
917 3477 1003 3521 eutem
1029 3485 1062 3520 ex
1081 3483 1150 3537 equo
1169 3470 1285 3523 descen.

187 3541 277 3605 deret,
307 3541 420 3607 Scythes
450 3549 476 3591 et
504 3541 662 3593 Graecorum
690 3558 746 3593 non
773 3556 873 3608 paucos
901 3541 933 3592 ed
952 3550 1125 3591 commeatum
1142 3541 1287 3605 perandum

116 3632 132 3681 Ἰ
187 3612 268 3675 misit,
288 3611 370 3678 bique
389 3612 503 3663 hostium
522 3621 617 3663 terram
635 3613 817 3678 diripuerunt,
846 3615 963 3664 virorum
985 3619 1012 3661 et
1029 3612 1168 3663 mulierum
1190 3621 1218 3663 et
1235 3629 1286 3679 pe.

191 3682 265 3733 cudis
284 3683 358 3733 bello
378 3690 481 3749 ceptum
499 3683 693 3735 multitudinem
718 3699 772 3733 nou
790 3684 921 3735 minimam
942 3683 1080 3736 iacientes.
1118 3682 1180 3732 iude
1198 3692 1299 3735 autem‘

190 3752 340 3819 producens
356 3756 500 3804 exercitum
512 3753 737 3820 progrediebatur
750 3770 798 3820 per
811 3755 924 3807 bostium
933 3759 1027 3806 terrem
1044 3762 1071 3804 et
1082 3754 1184 3805 duobus
1193 3755 1285 3805 diebus

188 3822 267 3876 simul
287 3824 486 3891 transgrediens
505 3826 532 3875 iu
549 3824 765 3890 locandorum,
785 3836 955 3878 commentum
974 3824 1147 3876 nihilominus
1160 3824 1283 3877 iuciebet.

187 3894 267 3945 tertio
287 3902 375 3946 eutem
395 3895 439 3946 die
465 3904 603 3963 postquam
622 3896 779 3963 Hierapolim
808 3899 918 3950 edvenit
940 3895 1047 3947 ridebat
1063 3895 1165 3949 Ambos
1185 3897 1284 3948 circum

187 3963 329 4015 ullluentes
349 3973 376 4016 et
394 3972 571 4018 monstrantes
602 3967 678 4020 vultu
707 3969 817 4033 bellum,
837 3972 884 4021 sed
902 3976 931 4019 nt
954 3967 985 4017 ed
1003 3983 1095 4018 monus
1114 3968 1241 4018 venirent
1259 3976 1284 4018 et

188 4036 418 4101 oonprederentur
444 4051 513 4098 cum
532 4038 639 4092 Graecis
664 4056 719 4092 non
745 4042 852 4092 fuerunt
879 4042 971 4101 fortes,
993 4038 1046 4089 nisi
1067 4038 1136 4107 quod
1155 4038 1284 4089 nonnulle

187 4104 292 4173 proelio
320 4108 482 4176 quorundam
513 4108 708 4165 excurrentium
741 4121 767 4164 et
794 4114 853 4163 acie
880 4109 1056 4162 exsilientium
1085 4108 1232 4162 instabant:
1259 4118 1285 4161 et

188 4180 371 4244 procedebant
382 4180 476 4235 Greeoi
489 4184 593 4250 quidem
614 4184 751 4236 ordinibus
765 4184 908 4235 secundnm
928 4177 1058 4233 ceutu'rine
1077 4188 1104 4232 et
1122 4180 1281 4251 phalanges:
