2834 4750
517 232 730 377 matous·
779 367 781 375 .
1094 262 1172 383 m

51 451 220 537 ἔχθιστος
248 450 397 540 έλογίσθη
430 457 475 544 τῷ
500 482 533 523 τε
562 462 716 547 λογοθέτη
748 455 803 523 κατ’
825 459 913 549 αὐτῷ
937 464 1071 544 βασιλελ
1117 465 1175 531 καί

53 552 183 621 αάτίιια
206 553 283 631 τοός
302 548 435 635 ἀξαντας
454 557 552 625 αάτόν
580 558 782 644 ἀνάρπαστον
807 562 1039 639 ἐξαπέστειλαν.
1084 554 1101 625 ό
1123 564 1173 645 δέ,

52 650 224 737 προγνοός
245 651 281 751 τό
301 658 357 742 τῆς
379 659 472 742 ἀργής
495 659 724 743 ἀκατάσχετον,
747 660 835 736 ένιός
856 661 963 726 εἷσέδα
986 664 1041 747 τής
1061 664 1177 729 dauci*

53 780 117 839 ρας
140 759 266 842 σκηνῆς
294 759 353 822 τοῦ
381 757 523 843 μεγάλου
553 765 635 846 ναοῦ
662 766 720 845 τῆς
743 755 835 845 ἀγίας
864 765 992 847 σοφίας,
1015 754 1081 846 ήιις
1098 758 1171 846 ἅγια

25 864 43 919 5
51 861 117 938 μέν
141 856 249 941 ἀγίων
269 865 334 934 τοῖς
366 856 468 924 πάλαι
488 862 744 946 ααταονομάζετο,
775 856 852 946 ήμῖν
877 864 913 925 δὲ
938 869 1003 937 τοῖς
1023 864 1079 945 εής
1100 863 1173 938 νέας

53 955 226 1042 διαθήκης
254 957 335 1042 πρός
356 961 460 1048 τούτῳ
484 959 546 1025 ’καί
566 961 790 1047 θεσιασιήρίον
811 960 867 1028 καί
886 955 1004 1025 άδοτον
1025 965 1080 1026 καί
1100 958 1173 1029 ἱλα.

52 1054 216 1143 στήριον·
259 1058 316 1124 καὶ
340 1064 404 1125 ssia
422 1060 520 1125 θείειν
540 1061 635 1144 ἀπρὶξ
661 1058 812 1144 ἐχόμενος
839 1061 935 1128 τόπον
959 1063 1095 1139 ἀσυλίας
1115 1061 1173 1147 τήν

52 1162 155 1236 θείαν
179 1163 321 1226 ἐποιεῖτο
331 1155 521 1247 ’ἀντιληψια
577 1161 648 1228 ἀλλ’
670 1160 700 1227 os‘
723 1167 934 1249 πεμφθέντες,
957 1160 1012 1229 εἴτ’
1032 1164 1065 1240 ἀξ
1087 1162 1174 1240 ἰδίας

52 1260 217 1341 ἀσεβείας
238 1265 294 1328 καί
310 1264 489 1348 θηριωδιάς
509 1260 567 1328 εἴτ’
596 1265 631 1327 εἰι
655 1268 871 1347 παραγγελίας
901 1266 957 1330 τοῦ
978 1266 1170 1347 πέμψαντος,

10 1363 162 1447 ιομηδέν
182 1364 418 1448 εὐλαβηθέντες
440 1362 767 1449 μηδίόποπιήξαντες
789 1361 844 1448 τήν
869 1356 967 1442 ὅντως
988 1365 1174 1433 θεόιεαατον

53 1458 263 1549 σιιηνήνίιαί
286 1467 350 1529 τῶν
369 1461 538 1546 οάρανίοιν
556 1464 743 1541 ἀντίτυπον,
774 1460 855 1530 ἀλλά
879 1470 923 1555 τῷ
945 1467 1041 1553 θυμῷ
1063 1468 1173 1547 μεθα-
1250 1538 1252 1545 s

54 1567 197 1639 σθέντες
218 1566 275 1629 καί
291 1563 445 1646 βακχιαόν
469 1589 501 1629 ιι
533 1564 587 1629 καί
619 1560 805 1649 ἀρειμάνιον
827 1558 1168 1653 σομφρονήσαντος,-ή

55 1661 94 1727 τό
116 1688 153 1748 γε
179 1665 404 1751 ἀληθέστερον
426 1668 545 1750 εἰπεῖν,
581 1664 731 1751 ἀφρόνως
763 1663 1002 1753 έπινοήσαντες,
1023 1669 1068 1743 εἷς
1090 1661 1300 1733 adiit-2242.

55 1764 95 1833 τό
117 1764 178 1832 καί
201 1764 345 1849 ἀγγέλοις
368 1765 535 1846 αἰδέσιμον
562 1771 680 1851 φονίας
715 1765 954 1835 εἰσελαόνοασιν
979 1766 1171 1853 ἱλαστήριον,

13 1878 46 1931 15
56 1866 114 1936 κατ’
135 1867 195 1934 τόν
219 1868 373 1951 ἀρχιερέα
396 1865 541 1952 ξιφήρεις
564 1861 650 1943 ὄντες
672 1867 877 1952 ἀνάρπαστον
896 1866 1102 1953 ποιησόμενοι
1126 1870 1171 1957 τῷ

55 1974 197 2050 βασιλεῖ
220 1971 429 2053 παραστάσιν.
477 1965 496 2029 δ
510 2013 511 2018 1
528 1970 563 2031 δὲ
596 1970 763 2051 ἀνήκεστον
789 1971 849 2052 μέν
879 1971 975 2033 odota
1007 1960 1171 2045 eleaticis

58 2067 273 2152 διεπράξατο,
305 2071 364 2151 τήν
385 2092 419 2133 τε
439 2071 622 2153 παρρησίαν
649 2071 708 2132 aori
737 2066 854 2153 ἀνδρός
873 2070 1036 2143 αἰδεσθείς
1057 2072 1112 2133 καί
1132 2066 1170 2133 τό

57 2172 95 2235 ἓν
114 2167 225 2253 λόγοις
246 2170 427 2251 εόδόκιμον,
447 2171 504 2235 καί
522 2166 580 2251 τήν
610 2170 670 2233 ἀπὸ
702 2174 757 2235 τοῦ
780 2158 871 2235 dachis
892 2172 1018 2251 νέμεσιν
1041 2170 1097 2235 καί
1115 2166 1172 2239 τόν

58 2272 96 2335 έιι
117 2273 179 2337 τοῦ
201 2261 440 2354 θυσιαστηρίουΙ
457 2267 666 2352 καταπλαγείς
690 2264 886 2359 ἑλκυσμόν(
912 2269 1009 2365 τόδὲ
1030 2271 1086 2356 τής
1106 2294 1170 2336 πα-

14 2370 223 2456 λορανομίας
237 2371 293 2436 καί
313 2373 443 2450 ἀτοπίας
465 2369 668 2458 ἐκληρώσατο
689 2379 784 2457 μίσος
802 2376 837 2440 ἐκ
850 2375 953 2458 πάσης
967 2373 1093 2461 ήλικίος
1115 2373 1173 2438 καί

59 2467 165 2557 τύχης
185 2473 242 2539 καί
256 2466 396 2558 φάσεως.
737 2466 740 2472 ’

96 2593 108 2611 ’
167 2571 239 2641 Καί
259 2571 302 2651 ὥς
322 2576 381 2655 μὲν
409 2574 440 2639 oi
469 2575 605 2662 ἀρχηγοὶ
626 2576 661 2642 ia
685 2577 741 2643 τοῦ
770 2573 918 2643 τοιοόιον
934 2575 1058 2657 μίσους
1080 2568 1170 2653 δίκας

139 2738 184 2792 14.
211 2740 337 2810 φονείως
354 2738 384 2791 G.

58 2885 114 2954 gni
136 2885 237 2937 clarius
258 2890 285 2937 et
304 2884 430 2938 disertius
444 2884 559 2937 consilio
578 2886 737 2938 sententiam
755 2900 829 2938 suam
847 2886 1062 2953 significaverat,
1081 2885 1173 2937 inimi.
1198 2949 1201 2952 Ι

67 2959 196 3010 cissimus'
214 2955 320 3009 habitus
340 2963 381 3022 est
397 2956 556 3024 logothetae
581 2964 608 3008 et
633 2958 685 3024 ipsi
711 2957 784 3026 regi:
813 2963 892 3024 atque
920 2958 1009 3008 statim
1036 2969 1098 3019 eos,
1125 2955 1172 3022 qui

32 3038 39 3048 ‘
67 3044 128 3080 eum
145 3035 251 3095 raptum
269 3036 396 3096 agerent,
415 3029 554 3079 miserunt.
591 3027 641 3078 ille
666 3033 754 3078 autem
772 3027 932 3092 praevidens
950 3028 1008 3077 irae
1035 3027 1171 3093 impoten-

67 3102 133 3152 tiam
152 3116 183 3152 se
201 3098 327 3153 subduxit
344 3101 414 3151 intra
432 3098 575 3153 secundum
591 3099 736 3149 tentorium
754 3099 844 3167 magni
871 3096 965 3164 templi
990 3103 1099 3149 sanctae
1125 3108 1172 3148 sa-

65 3172 206 3241 pientiae,
227 3187 297 3240 quae
324 3172 430 3240 quidem
449 3177 540 3221 sancta
558 3176 707 3222 sanctarum
733 3185 748 3219 a
773 3170 869 3236 priscis
901 3168 1066 3231 vocabatur,
1093 3165 1172 3218 nobis

65 3251 159 3294 antem
179 3244 224 3310 qui
242 3257 314 3296 novo
334 3242 438 3294 foederi
458 3242 575 3292 adstricti
595 3256 694 3304 sumus,
714 3248 854 3306 praeterea
875 3241 954 3291 etiam
973 3255 1018 3291 ara
1046 3245 1073 3289 et
1085 3251 1173 3306 pene-

67 3313 139 3366 trale
159 3322 187 3364 ct
206 3314 366 3367 clementiae
386 3314 472 3376 sedes,
494 3318 520 3362 et
538 3313 615 3379 signa
640 3312 731 3364 divina
760 3312 866 3364 assidue
893 3319 988 3363 tenens
1013 3308 1077 3361 loco
1103 3304 1174 3374 asyli

68 3386 188 3438 divinum
212 3386 263 3437 sibi
289 3384 451 3437 conciliabat
468 3383 637 3451 praesidium.
675 3383 722 3434 sed
742 3384 786 3450 qui
804 3383 879 3435 missi
898 3391 981 3447 erant,
996 3382 1055 3434 sive
1064 3379 1174 3448 propria

67 3458 208 3524 impietate
227 3465 254 3507 et
271 3459 434 3508 immanitate
452 3457 512 3508 sive
531 3457 606 3507 iussu
625 3455 693 3517 eius,
714 3456 759 3521 qui
780 3469 826 3507 eos
844 3455 962 3518 miserat,
981 3451 1050 3504 nihil
1070 3463 1172 3502 caven.

68 3536 110 3579 tes
129 3541 219 3592 neque
239 3536 365 3580 verentes
385 3541 481 3578 revera
499 3526 619 3579 divinum
636 3527 781 3577 tentorium
801 3534 828 3577 et
847 3523 1005 3578 coelestium
1018 3523 1172 3590 imaginem,

69 3600 118 3651 sed
137 3597 225 3648 animo
246 3597 314 3649 ebrii
333 3607 359 3649 et
376 3597 531 3648 bacchicam
551 3597 615 3665 quid
634 3604 661 3648 et
679 3595 746 3648 belli
767 3597 883 3649 furorem
902 3598 1035 3664 spirantes
1061 3593 1121 3652 sive
1145 3589 1173 3640 id
1269 3652 1284 3659 „

70 3670 143 3738 quod
162 3669 253 3720 verius
273 3676 314 3720 est
331 3670 448 3733 dictum,
467 3669 648 3735 imprudenter
668 3669 818 3736 cogitantes
837 3669 865 3718 in
889 3669 972 3734 ipsam
997 3665 1044 3718 rel
1068 3659 1174 3730 angelis

72 3739 257 3792 venerabitem
276 3755 350 3791 more
371 3739 562 3791 homicidarum
581 3741 685 3796 irruunt
704 3737 864 3789 clementiae
883 3740 974 3791 sedem
1002 3743 1029 3787 et
1046 3748 1173 3788 summum
1255 3753 1261 3758 ·

70 3812 225 3878 pontificem
244 3811 342 3880 gladiis
359 3811 482 3863 instructi
500 3812 606 3877 rapiunt
625 3818 652 3859 et
669 3811 727 3877 regi
747 3812 920 3861 constituunt.
959 3811 981 3862 is
1000 3813 1089 3858 autem
1109 3819 1173 3856 cru-

71 3883 134 3934 dele
151 3882 220 3934 nihil
239 3885 268 3934 in
288 3896 347 3934 eunt
367 3878 508 3946 commisit,
528 3881 678 3932 libertatern
698 3881 804 3932 dicendi
822 3883 849 3932 in
868 3883 927 3933 viro
949 3879 1052 3933 ueritus
1073 3884 1172 3928 etora-

72 3954 174 4005 tionum
195 3954 319 4024 gloriam,
340 3962 367 4005 et
385 3953 476 4004 divina
495 3950 598 4003 ultione
618 3951 735 4019 etquod
754 3950 786 4002 ab
805 3968 851 4003 ara
867 3954 1001 4004 detractus
1021 3956 1101 4014 erat,
1121 3947 1172 3999 ob-

71 4026 245 4092 stupefactus.
285 4027 374 4079 odium
393 4033 481 4075 autem
501 4023 614 4075 iniuriae
634 4029 661 4072 et
678 4021 841 4075 insolentiae
860 4025 970 4077 sortitus
989 4029 1031 4076 est
1049 4021 1082 4073 ab
1101 4019 1173 4072 omni

71 4103 159 4150 aetate
179 4105 212 4150 et'
224 4099 330 4152 fortuna
352 4103 379 4149 et
395 4093 508 4148 natura!
784 4111 786 4118 '

169 4195 259 4267 Atque
278 4195 411 4267 quomodo
431 4193 512 4254 doces
530 4198 641 4263 propter
659 4189 715 4255 tale
734 4191 822 4248 otian
841 4207 943 4263 poenas
960 4207 1015 4249 aon
1041 4191 1087 4258 diu
1109 4193 1172 4260 post
