<?xml version="1.0" encoding="UTF-8"?>
<!DOCTYPE html PUBLIC "-//W3C//DTD XHTML 1.0 Transitional//EN"
    "http://www.w3.org/TR/xhtml1/DTD/xhtml1-transitional.dtd">
<html xmlns="http://www.w3.org/1999/xhtml" xml:lang="en" lang="en">
 <head>
  <title>
</title>
<meta http-equiv="Content-Type" content="text/html;charset=utf-8" />
  <meta name='ocr-system' content='tesseract 3.04.00' />
  <meta name='ocr-capabilities' content='ocr_page ocr_carea ocr_par ocr_line ocrx_word'/>
</head>
<body>
  <div class='ocr_page' id='page_1' title='image "./corpusscriptoru24theogoog/corpusscriptoru24theogoog_0314.png"; bbox 0 0 2834 4750; ppageno 0'>
   <div class='ocr_carea' id='block_1_1' title="bbox 247 160 1043 290">
    <p class='ocr_par' dir='ltr' id='par_1_1' title="bbox 247 160 1043 290">
     <span class='ocr_line' id='line_1_1' title="bbox 247 160 1043 290; baseline -0.016 -50"><span class='ocrx_word' id='word_1_1' title='bbox 247 168 336 260; x_wconf 51' lang='lat' dir='ltr'><strong>oro,</strong></span> <span class='ocrx_word' id='word_1_2' title='bbox 524 164 747 236; x_wconf 75' lang='lat' dir='ltr'><strong>memsuis</strong></span> <span class='ocrx_word' id='word_1_3' title='bbox 780 160 1043 290; x_wconf 70' lang='lat' dir='ltr'><strong>ammone</strong></span> 
     </span>
    </p>
   </div>
   <div class='ocr_carea' id='block_1_2' title="bbox 152 260 1403 2626">
    <p class='ocr_par' dir='ltr' id='par_1_2' title="bbox 152 260 1403 2626">
     <span class='ocr_line' id='line_1_2' title="bbox 247 260 1403 417; baseline -0.017 -19"><span class='ocrx_word' id='word_1_4' title='bbox 247 330 377 416; x_wconf 78' lang='grc' dir='ltr'><strong><em>ἔμβολοι</em></strong></span> <span class='ocrx_word' id='word_1_5' title='bbox 398 334 552 417; x_wconf 88' lang='grc' dir='ltr'><strong><em>λέγονται,</em></strong></span> <span class='ocrx_word' id='word_1_6' title='bbox 576 329 833 413; x_wconf 73' lang='grc' dir='ltr'><strong><em>περινοστοῦντες</em></strong></span> <span class='ocrx_word' id='word_1_7' title='bbox 861 350 914 389; x_wconf 88' lang='grc' dir='ltr'><strong><em>και</em></strong></span> <span class='ocrx_word' id='word_1_8' title='bbox 940 315 1195 409; x_wconf 82' lang='grc' dir='ltr'><strong><em>έμφωλεόοντες,</em></strong></span> <span class='ocrx_word' id='word_1_9' title='bbox 1219 316 1285 379; x_wconf 85' lang='grc' dir='ltr'><strong><em>καί</em></strong></span> <span class='ocrx_word' id='word_1_10' title='bbox 1304 340 1364 379; x_wconf 88' lang='grc' dir='ltr'><strong><em>πιτ-</em></strong></span> <span class='ocrx_word' id='word_1_11' title='bbox 1402 260 1403 393; x_wconf 76' lang='lat' dir='ltr'><strong>l</strong></span> 
     </span>
     <span class='ocr_line' id='line_1_3' title="bbox 194 412 1403 517; baseline -0.017 -19"><span class='ocrx_word' id='word_1_12' title='bbox 194 422 203 435; x_wconf 55' lang='lat'>⁸</span> <span class='ocrx_word' id='word_1_13' title='bbox 248 431 388 516; x_wconf 89' lang='grc' dir='ltr'><strong><em>ρασίτων</em></strong></span> <span class='ocrx_word' id='word_1_14' title='bbox 408 423 537 508; x_wconf 53' lang='lat' dir='ltr'><strong>solra*</strong></span> <span class='ocrx_word' id='word_1_15' title='bbox 515 457 535 513; x_wconf 86' lang='grc' dir='ltr'><em>η</em></span> <span class='ocrx_word' id='word_1_16' title='bbox 558 424 734 517; x_wconf 76' lang='grc' dir='ltr'><strong><em>κολάκων</em></strong></span> <span class='ocrx_word' id='word_1_17' title='bbox 721 455 739 509; x_wconf 80' lang='grc' dir='ltr'><em>η</em></span> <span class='ocrx_word' id='word_1_18' title='bbox 763 428 831 509; x_wconf 90' lang='grc' dir='ltr'><strong><em>τόγε</em></strong></span> <span class='ocrx_word' id='word_1_19' title='bbox 858 426 1071 511; x_wconf 71' lang='grc' dir='ltr'><strong><em>ἀληθέστερον</em></strong></span> <span class='ocrx_word' id='word_1_20' title='bbox 1093 414 1198 483; x_wconf 79' lang='grc' dir='ltr'><strong><em>ἐἰπεῖν</em></strong></span> <span class='ocrx_word' id='word_1_21' title='bbox 1221 439 1403 501; x_wconf 90' lang='grc' dir='ltr'><strong><em>προσαι-</em></strong></span> <span class='ocrx_word' id='word_1_22' title='bbox 1402 412 1403 483; x_wconf 80' lang='lat' dir='ltr'><strong>l</strong></span> 
     </span>
     <span class='ocr_line' id='line_1_4' title="bbox 247 514 1403 652; baseline -0.015 -56"><span class='ocrx_word' id='word_1_23' title='bbox 247 535 309 597; x_wconf 86' lang='grc' dir='ltr'><strong><em>τοόν</em></strong></span> <span class='ocrx_word' id='word_1_24' title='bbox 334 534 513 652; x_wconf 81' lang='grc' dir='ltr'><strong><em>ἐπέχοντες,</em></strong></span> <span class='ocrx_word' id='word_1_25' title='bbox 537 525 729 612; x_wconf 77' lang='grc' dir='ltr'><strong><em>σννὴθως”</em></strong></span> <span class='ocrx_word' id='word_1_26' title='bbox 708 550 833 611; x_wconf 89' lang='grc' dir='ltr'><strong><em>εχοντες</em></strong></span> <span class='ocrx_word' id='word_1_27' title='bbox 856 534 926 601; x_wconf 84' lang='grc' dir='ltr'><strong><em>ταῖς</em></strong></span> <span class='ocrx_word' id='word_1_28' title='bbox 950 526 1065 596; x_wconf 81' lang='grc' dir='ltr'><strong><em>οἰκίαις</em></strong></span> <span class='ocrx_word' id='word_1_29' title='bbox 1085 522 1148 584; x_wconf 80' lang='grc' dir='ltr'><strong><em>τῶν</em></strong></span> <span class='ocrx_word' id='word_1_30' title='bbox 1170 520 1403 633; x_wconf 81' lang='grc' dir='ltr'><strong><em>τιμωμένων</em></strong></span> <span class='ocrx_word' id='word_1_31' title='bbox 1402 514 1403 573; x_wconf 83' lang='lat' dir='ltr'><strong>l</strong></span> 
     </span>
     <span class='ocr_line' id='line_1_5' title="bbox 248 617 1403 751; baseline -0.015 -54"><span class='ocrx_word' id='word_1_32' title='bbox 248 635 420 718; x_wconf 74' lang='grc' dir='ltr'><strong><em>ἐπιφοιτᾶν</em></strong></span> <span class='ocrx_word' id='word_1_33' title='bbox 454 630 510 694; x_wconf 88' lang='grc' dir='ltr'><strong><em>καί</em></strong></span> <span class='ocrx_word' id='word_1_34' title='bbox 538 629 794 750; x_wconf 66' lang='grc' dir='ltr'><strong><em>προφρμίζειν’</em></strong></span> <span class='ocrx_word' id='word_1_35' title='bbox 778 652 812 691; x_wconf 86' lang='grc' dir='ltr'><strong><em>εν</em></strong></span> <span class='ocrx_word' id='word_1_36' title='bbox 842 625 1032 711; x_wconf 79' lang='grc' dir='ltr'><strong><em>ειῖχαριστίρι</em></strong></span> <span class='ocrx_word' id='word_1_37' title='bbox 1060 621 1283 704; x_wconf 75' lang='grc' dir='ltr'><strong><em>μεγαλουργῷ</em></strong></span> <span class='ocrx_word' id='word_1_38' title='bbox 1312 617 1366 701; x_wconf 71' lang='grc' dir='ltr'><strong><em>τόν</em></strong></span> <span class='ocrx_word' id='word_1_39' title='bbox 1402 648 1403 751; x_wconf 66' lang='grc' dir='ltr'><strong><em>ρ</em></strong></span> 
     </span>
     <span class='ocr_line' id='line_1_6' title="bbox 246 723 1403 816; baseline -0.016 -19"><span class='ocrx_word' id='word_1_40' title='bbox 246 736 405 816; x_wconf 76' lang='grc' dir='ltr'><strong><em>βασιλέων</em></strong></span> <span class='ocrx_word' id='word_1_41' title='bbox 424 728 523 813; x_wconf 74' lang='grc' dir='ltr'><strong><em>χάριν</em></strong></span> <span class='ocrx_word' id='word_1_42' title='bbox 542 733 598 793; x_wconf 88' lang='grc' dir='ltr'><strong><em>καί</em></strong></span> <span class='ocrx_word' id='word_1_43' title='bbox 618 727 653 793; x_wconf 92' lang='grc' dir='ltr'><strong><em>τό</em></strong></span> <span class='ocrx_word' id='word_1_44' title='bbox 678 729 733 810; x_wconf 75' lang='grc' dir='ltr'><strong><em>τῆς</em></strong></span> <span class='ocrx_word' id='word_1_45' title='bbox 757 722 1079 810; x_wconf 66' lang='grc' dir='ltr'><strong><em>τιμήσεωςέπιφανὲς</em></strong></span> <span class='ocrx_word' id='word_1_46' title='bbox 1095 745 1150 784; x_wconf 91' lang='grc' dir='ltr'><strong><em>και</em></strong></span> <span class='ocrx_word' id='word_1_47' title='bbox 1177 723 1403 803; x_wconf 75' lang='grc' dir='ltr'><strong><em>περιολβον,ι</em></strong></span> 
     </span>
     <span class='ocr_line' id='line_1_7' title="bbox 247 816 1368 914; baseline -0.016 -16"><span class='ocrx_word' id='word_1_48' title='bbox 247 835 304 898; x_wconf 87' lang='grc' dir='ltr'><strong><em>καί</em></strong></span> <span class='ocrx_word' id='word_1_49' title='bbox 326 834 420 899; x_wconf 66' lang='lat' dir='ltr'><strong>adeor*</strong></span> <span class='ocrx_word' id='word_1_50' title='bbox 440 833 475 895; x_wconf 88' lang='grc' dir='ltr'><strong><em>έκ</em></strong></span> <span class='ocrx_word' id='word_1_51' title='bbox 497 826 637 914; x_wconf 74' lang='grc' dir='ltr'><strong><em>πενήτων</em></strong></span> <span class='ocrx_word' id='word_1_52' title='bbox 657 826 806 912; x_wconf 83' lang='grc' dir='ltr'><strong><em>γεγόνασι</em></strong></span> <span class='ocrx_word' id='word_1_53' title='bbox 826 821 972 890; x_wconf 90' lang='grc' dir='ltr'><strong><em>πλοόσιοι</em></strong></span> <span class='ocrx_word' id='word_1_54' title='bbox 986 825 1040 887; x_wconf 87' lang='grc' dir='ltr'><strong><em>καί</em></strong></span> <span class='ocrx_word' id='word_1_55' title='bbox 1061 816 1200 903; x_wconf 81' lang='grc' dir='ltr'><strong><em>εόποροι</em></strong></span> <span class='ocrx_word' id='word_1_56' title='bbox 1225 822 1263 897; x_wconf 80' lang='grc' dir='ltr'><strong><em>ἐξ</em></strong></span> <span class='ocrx_word' id='word_1_57' title='bbox 1288 816 1368 881; x_wconf 84' lang='grc' dir='ltr'><strong><em>α’πό·</em></strong></span> 
     </span>
     <span class='ocr_line' id='line_1_8' title="bbox 248 918 1368 1047; baseline -0.013 -49"><span class='ocrx_word' id='word_1_58' title='bbox 248 958 314 1017; x_wconf 91' lang='grc' dir='ltr'><strong><em>ρων</em></strong></span> <span class='ocrx_word' id='word_1_59' title='bbox 335 935 374 1018; x_wconf 84' lang='grc' dir='ltr'><strong><em>τῆ</em></strong></span> <span class='ocrx_word' id='word_1_60' title='bbox 394 934 544 1017; x_wconf 84' lang='grc' dir='ltr'><strong><em>συνεχειά</em></strong></span> <span class='ocrx_word' id='word_1_61' title='bbox 566 933 621 994; x_wconf 89' lang='grc' dir='ltr'><strong><em>καί</em></strong></span> <span class='ocrx_word' id='word_1_62' title='bbox 641 954 682 1017; x_wconf 83' lang='grc' dir='ltr'><strong><em>τιρ</em></strong></span> <span class='ocrx_word' id='word_1_63' title='bbox 671 932 929 1047; x_wconf 61' lang='grc' dir='ltr'><strong><em>υ’πρλυαριθμιρ</em></strong></span> <span class='ocrx_word' id='word_1_64' title='bbox 939 949 1002 989; x_wconf 87' lang='grc' dir='ltr'><strong><em>των</em></strong></span> <span class='ocrx_word' id='word_1_65' title='bbox 1023 925 1239 1005; x_wconf 82' lang='grc' dir='ltr'><strong><em>τιμωμένων,</em></strong></span> <span class='ocrx_word' id='word_1_66' title='bbox 1264 918 1368 1001; x_wconf 85' lang='grc' dir='ltr'><strong><em>αδρόν</em></strong></span> 
     </span>
     <span class='ocr_line' id='line_1_9' title="bbox 249 1021 1367 1149; baseline -0.015 -50"><span class='ocrx_word' id='word_1_67' title='bbox 249 1028 361 1099; x_wconf 73' lang='lat' dir='ltr'><strong>nall’‘</strong></span> <span class='ocrx_word' id='word_1_68' title='bbox 348 1024 484 1149; x_wconf 72' lang='grc' dir='ltr'><strong><em>εκιόστρν</em></strong></span> <span class='ocrx_word' id='word_1_69' title='bbox 504 1034 643 1114; x_wconf 90' lang='grc' dir='ltr'><strong><em>χρυσίον</em></strong></span> <span class='ocrx_word' id='word_1_70' title='bbox 665 1028 820 1113; x_wconf 85' lang='grc' dir='ltr'><strong><em>ποσότητα</em></strong></span> <span class='ocrx_word' id='word_1_71' title='bbox 845 1022 932 1109; x_wconf 76' lang='grc' dir='ltr'><strong><em>παρὰ</em></strong></span> <span class='ocrx_word' id='word_1_72' title='bbox 947 1026 1066 1089; x_wconf 79' lang='grc' dir='ltr'><strong><em>τούτων</em></strong></span> <span class='ocrx_word' id='word_1_73' title='bbox 1090 1021 1367 1104; x_wconf 84' lang='grc' dir='ltr'><strong><em>εἰσκομιζόμενοι</em></strong></span> 
     </span>
     <span class='ocr_line' id='line_1_10' title="bbox 249 1122 1403 1215; baseline -0.013 -16"><span class='ocrx_word' id='word_1_74' title='bbox 249 1139 367 1199; x_wconf 87' lang='grc' dir='ltr'><strong><em>τίνεται</em></strong></span> <span class='ocrx_word' id='word_1_75' title='bbox 388 1130 449 1215; x_wconf 91' lang='grc' dir='ltr'><strong><em>γόρ</em></strong></span> <span class='ocrx_word' id='word_1_76' title='bbox 473 1130 501 1215; x_wconf 80' lang='grc' dir='ltr'><em>ἦ</em></span> <span class='ocrx_word' id='word_1_77' title='bbox 535 1126 623 1205; x_wconf 80' lang='grc' dir='ltr'><strong><em>δόσις</em></strong></span> <span class='ocrx_word' id='word_1_78' title='bbox 650 1127 738 1213; x_wconf 85' lang='grc' dir='ltr'><strong><em>παροὶ</em></strong></span> <span class='ocrx_word' id='word_1_79' title='bbox 772 1128 898 1211; x_wconf 83' lang='grc' dir='ltr'><strong><em>πόντων</em></strong></span> <span class='ocrx_word' id='word_1_80' title='bbox 921 1152 983 1190; x_wconf 89' lang='grc' dir='ltr'><strong><em>των</em></strong></span> <span class='ocrx_word' id='word_1_81' title='bbox 1011 1122 1351 1204; x_wconf 52' lang='grc' dir='ltr'><strong><em>εόδαιμονοιῖντων(</em></strong></span> <span class='ocrx_word' id='word_1_82' title='bbox 1328 1147 1403 1197; x_wconf 86' lang='grc' dir='ltr'><strong><em>ως</em></strong></span> <span class='ocrx_word' id='word_1_83' title='bbox 1402 1172 1403 1193; x_wconf 51' lang='lat'><em>2</em></span> 
     </span>
     <span class='ocr_line' id='line_1_11' title="bbox 152 1225 1403 1325; baseline -0.006 -26"><span class='ocrx_word' id='word_1_84' title='bbox 152 1308 158 1325; x_wconf 36' lang='grc' dir='ltr'><strong>ι</strong></span> <span class='ocrx_word' id='word_1_85' title='bbox 250 1229 485 1317; x_wconf 81' lang='grc' dir='ltr'><strong><em>έξέρόνου,</em></strong></span> <span class='ocrx_word' id='word_1_86' title='bbox 464 1257 503 1315; x_wconf 88' lang='grc' dir='ltr'><strong><em>ην</em></strong></span> <span class='ocrx_word' id='word_1_87' title='bbox 524 1256 577 1295; x_wconf 93' lang='grc' dir='ltr'><strong><em>και</em></strong></span> <span class='ocrx_word' id='word_1_88' title='bbox 572 1228 776 1314; x_wconf 73' lang='grc' dir='ltr'><strong><em>συνήθειαν</em></strong></span> <span class='ocrx_word' id='word_1_89' title='bbox 805 1229 861 1293; x_wconf 78' lang='grc' dir='ltr'><strong><em>τοῦ</em></strong></span> <span class='ocrx_word' id='word_1_90' title='bbox 883 1228 1030 1311; x_wconf 79' lang='grc' dir='ltr'><strong><em>Χριστοῦ</em></strong></span> <span class='ocrx_word' id='word_1_91' title='bbox 1059 1225 1296 1305; x_wconf 84' lang='grc' dir='ltr'><strong><em>όστεϊζόμενοι</em></strong></span> <span class='ocrx_word' id='word_1_92' title='bbox 1318 1226 1403 1317; x_wconf 76' lang='lat' dir='ltr'><strong>la‘·lQ</strong></span> 
     </span>
     <span class='ocr_line' id='line_1_12' title="bbox 250 1328 1403 1425; baseline -0.013 -25"><span class='ocrx_word' id='word_1_93' title='bbox 250 1353 350 1420; x_wconf 86' lang='grc' dir='ltr'><strong><em>γουσι.</em></strong></span> <span class='ocrx_word' id='word_1_94' title='bbox 382 1331 554 1417; x_wconf 84' lang='grc' dir='ltr'><strong><em>προϊοόσης</em></strong></span> <span class='ocrx_word' id='word_1_95' title='bbox 586 1334 622 1397; x_wconf 81' lang='grc' dir='ltr'><strong><em>δέ</em></strong></span> <span class='ocrx_word' id='word_1_96' title='bbox 643 1330 897 1453; x_wconf 77' lang='grc' dir='ltr'><strong><em>τῆςετίεργερίας</em></strong></span> <span class='ocrx_word' id='word_1_97' title='bbox 923 1330 968 1402; x_wconf 83' lang='grc' dir='ltr'><strong><em>εἰς</em></strong></span> <span class='ocrx_word' id='word_1_98' title='bbox 987 1328 1217 1410; x_wconf 77' lang='grc' dir='ltr'><strong><em>α’ναρίθμητον</em></strong></span> <span class='ocrx_word' id='word_1_99' title='bbox 1243 1334 1368 1409; x_wconf 80' lang='grc' dir='ltr'><strong><em>στῖφος,</em></strong></span> <span class='ocrx_word' id='word_1_100' title='bbox 1402 1384 1403 1425; x_wconf 70' lang='grc'><strong><em>,</em></strong></span> 
     </span>
     <span class='ocr_line' id='line_1_13' title="bbox 250 1424 1368 1515; baseline -0.01 -15"><span class='ocrx_word' id='word_1_101' title='bbox 250 1460 304 1500; x_wconf 92' lang='grc' dir='ltr'><strong><em>και</em></strong></span> <span class='ocrx_word' id='word_1_102' title='bbox 326 1432 404 1515; x_wconf 90' lang='grc' dir='ltr'><strong><em>πρός</em></strong></span> <span class='ocrx_word' id='word_1_103' title='bbox 426 1432 461 1497; x_wconf 90' lang='grc' dir='ltr'><strong><em>τό</em></strong></span> <span class='ocrx_word' id='word_1_104' title='bbox 485 1429 686 1515; x_wconf 73' lang='grc' dir='ltr'><strong><em>πανταχόθεν</em></strong></span> <span class='ocrx_word' id='word_1_105' title='bbox 706 1433 905 1514; x_wconf 82' lang='grc' dir='ltr'><strong><em>περιτρέχειν</em></strong></span> <span class='ocrx_word' id='word_1_106' title='bbox 924 1430 977 1511; x_wconf 78' lang='grc' dir='ltr'><strong><em>τῆς</em></strong></span> <span class='ocrx_word' id='word_1_107' title='bbox 999 1424 1120 1503; x_wconf 89' lang='grc' dir='ltr'><strong><em>πόλεως</em></strong></span> <span class='ocrx_word' id='word_1_108' title='bbox 1151 1451 1209 1490; x_wconf 88' lang='grc' dir='ltr'><strong><em>και</em></strong></span> <span class='ocrx_word' id='word_1_109' title='bbox 1237 1424 1368 1509; x_wconf 79' lang='grc' dir='ltr'><strong><em>λαμβό-</em></strong></span> 
     </span>
     <span class='ocr_line' id='line_1_14' title="bbox 251 1520 1367 1654; baseline -0.009 -53"><span class='ocrx_word' id='word_1_110' title='bbox 251 1558 319 1601; x_wconf 90' lang='grc' dir='ltr'><strong><em>νειν</em></strong></span> <span class='ocrx_word' id='word_1_111' title='bbox 339 1557 390 1597; x_wconf 94' lang='grc' dir='ltr'><strong><em>και</em></strong></span> <span class='ocrx_word' id='word_1_112' title='bbox 414 1524 503 1596; x_wconf 75' lang='grc' dir='ltr'><strong><em>οὗτοι</em></strong></span> <span class='ocrx_word' id='word_1_113' title='bbox 533 1533 710 1654; x_wconf 77' lang='grc' dir='ltr'><strong><em>α’πέκαμον,</em></strong></span> <span class='ocrx_word' id='word_1_114' title='bbox 734 1524 794 1594; x_wconf 86' lang='grc' dir='ltr'><strong><em>κόν</em></strong></span> <span class='ocrx_word' id='word_1_115' title='bbox 817 1520 1027 1613; x_wconf 77' lang='grc' dir='ltr'><strong><em>ἑπικερδὴς</em></strong></span> <span class='ocrx_word' id='word_1_116' title='bbox 1007 1554 1045 1611; x_wconf 82' lang='grc' dir='ltr'><strong><em>ην</em></strong></span> <span class='ocrx_word' id='word_1_117' title='bbox 1067 1526 1089 1645; x_wconf 80' lang='grc' dir='ltr'><strong><em>ἦΙ</em></strong></span> <span class='ocrx_word' id='word_1_118' title='bbox 1110 1528 1205 1592; x_wconf 84' lang='grc' dir='ltr'><strong><em>αἰτία</em></strong></span> <span class='ocrx_word' id='word_1_119' title='bbox 1233 1529 1298 1609; x_wconf 77' lang='grc' dir='ltr'><strong><em>τῆς</em></strong></span> <span class='ocrx_word' id='word_1_120' title='bbox 1320 1527 1367 1593; x_wconf 82' lang='grc' dir='ltr'><strong><em>διό</em></strong></span> 
     </span>
     <span class='ocr_line' id='line_1_15' title="bbox 251 1626 1403 1751; baseline -0.005 -52"><span class='ocrx_word' id='word_1_121' title='bbox 251 1658 376 1699; x_wconf 90' lang='grc' dir='ltr'><strong><em>παντων</em></strong></span> <span class='ocrx_word' id='word_1_122' title='bbox 398 1630 646 1719; x_wconf 76' lang='grc' dir='ltr'><strong><em>ε’πιφοιτὴσεως·</em></strong></span> <span class='ocrx_word' id='word_1_123' title='bbox 691 1631 710 1715; x_wconf 80' lang='grc' dir='ltr'><em>ἦ</em></span> <span class='ocrx_word' id='word_1_124' title='bbox 733 1630 792 1751; x_wconf 85' lang='grc' dir='ltr'><strong><em>γόρ</em></strong></span> <span class='ocrx_word' id='word_1_125' title='bbox 818 1626 956 1711; x_wconf 90' lang='grc' dir='ltr'><strong><em>αμετρία</em></strong></span> <span class='ocrx_word' id='word_1_126' title='bbox 971 1631 1034 1693; x_wconf 84' lang='grc' dir='ltr'><strong><em>τιόν</em></strong></span> <span class='ocrx_word' id='word_1_127' title='bbox 1050 1628 1155 1692; x_wconf 89' lang='grc' dir='ltr'><strong><em>πόνων</em></strong></span> <span class='ocrx_word' id='word_1_128' title='bbox 1180 1630 1300 1691; x_wconf 89' lang='grc' dir='ltr'><strong><em>πείθει</em></strong></span> <span class='ocrx_word' id='word_1_129' title='bbox 1322 1632 1403 1693; x_wconf 85' lang='grc' dir='ltr'><strong><em>καί</em></strong></span> 
     </span>
     <span class='ocr_line' id='line_1_16' title="bbox 252 1725 1403 1819; baseline -0.008 -20"><span class='ocrx_word' id='word_1_130' title='bbox 252 1737 383 1819; x_wconf 79' lang='grc' dir='ltr'><strong><em>κέρδους</em></strong></span> <span class='ocrx_word' id='word_1_131' title='bbox 404 1734 479 1809; x_wconf 88' lang='grc' dir='ltr'><strong><em>τοός</em></strong></span> <span class='ocrx_word' id='word_1_132' title='bbox 503 1725 588 1797; x_wconf 85' lang='grc' dir='ltr'><strong><em>οότω</em></strong></span> <span class='ocrx_word' id='word_1_133' title='bbox 610 1756 804 1818; x_wconf 79' lang='grc' dir='ltr'><strong><em>κεκμηκότας</em></strong></span> <span class='ocrx_word' id='word_1_134' title='bbox 827 1736 1041 1815; x_wconf 80' lang='grc' dir='ltr'><strong><em>περιφρονεῖν.</em></strong></span> <span class='ocrx_word' id='word_1_135' title='bbox 1372 1743 1403 1813; x_wconf 54' lang='grc'><strong><em>151</em></strong></span> 
     </span>
     <span class='ocr_line' id='line_1_17' title="bbox 348 1827 1365 1920; baseline -0.006 -17"><span class='ocrx_word' id='word_1_136' title='bbox 348 1838 433 1903; x_wconf 81' lang='grc' dir='ltr'><strong><em>Ἀλλ’</em></strong></span> <span class='ocrx_word' id='word_1_137' title='bbox 452 1835 506 1900; x_wconf 87' lang='grc' dir='ltr'><strong><em>έπί</em></strong></span> <span class='ocrx_word' id='word_1_138' title='bbox 524 1838 584 1915; x_wconf 83' lang='grc' dir='ltr'><strong><em>μὲν</em></strong></span> <span class='ocrx_word' id='word_1_139' title='bbox 615 1837 680 1897; x_wconf 76' lang='grc' dir='ltr'><strong><em>τῶν</em></strong></span> <span class='ocrx_word' id='word_1_140' title='bbox 709 1836 847 1898; x_wconf 80' lang='grc' dir='ltr'><strong><em>πολιτῶν</em></strong></span> <span class='ocrx_word' id='word_1_141' title='bbox 880 1834 936 1895; x_wconf 85' lang='grc' dir='ltr'><strong><em>καί</em></strong></span> <span class='ocrx_word' id='word_1_142' title='bbox 964 1827 1110 1895; x_wconf 74' lang='grc' dir='ltr'><strong><em>τοῖν-σόν</em></strong></span> <span class='ocrx_word' id='word_1_143' title='bbox 1130 1832 1229 1918; x_wconf 66' lang='lat' dir='ltr'><strong>adeo]</strong></span> <span class='ocrx_word' id='word_1_144' title='bbox 1254 1832 1365 1920; x_wconf 73' lang='grc' dir='ltr'><strong><em>κοῖντῇ</em></strong></span> 
     </span>
     <span class='ocr_line' id='line_1_18' title="bbox 251 1928 1403 2025; baseline -0.008 -20"><span class='ocrx_word' id='word_1_145' title='bbox 251 1938 465 2025; x_wconf 74' lang='grc' dir='ltr'><strong><em>βασιλευούσῃ</em></strong></span> <span class='ocrx_word' id='word_1_146' title='bbox 487 1932 693 2019; x_wconf 84' lang='grc' dir='ltr'><strong><em>προόπόντων</em></strong></span> <span class='ocrx_word' id='word_1_147' title='bbox 721 1936 925 2017; x_wconf 73' lang='grc' dir='ltr'><strong><em>στρατιωτῶν</em></strong></span> <span class='ocrx_word' id='word_1_148' title='bbox 947 1928 986 1997; x_wconf 85' lang='grc' dir='ltr'><strong><em>τό</em></strong></span> <span class='ocrx_word' id='word_1_149' title='bbox 1016 1934 1149 2003; x_wconf 82' lang='grc' dir='ltr'><strong><em>τοιαῦτα</em></strong></span> <span class='ocrx_word' id='word_1_150' title='bbox 1173 1935 1365 2017; x_wconf 79' lang='grc' dir='ltr'><strong><em>ἕτερατουρ-</em></strong></span> <span class='ocrx_word' id='word_1_151' title='bbox 1402 1950 1403 2007; x_wconf 60' lang='lat' dir='ltr'><strong>i</strong></span> 
     </span>
     <span class='ocr_line' id='line_1_19' title="bbox 154 2027 1362 2125; baseline -0.008 -22"><span class='ocrx_word' id='word_1_152' title='bbox 154 2027 159 2044; x_wconf 64' lang='lat'><em>⁶</em></span> <span class='ocrx_word' id='word_1_153' title='bbox 252 2042 362 2125; x_wconf 82' lang='grc' dir='ltr'><strong><em>γοῦντο</em></strong></span> <span class='ocrx_word' id='word_1_154' title='bbox 381 2040 438 2101; x_wconf 83' lang='grc' dir='ltr'><strong><em>καί</em></strong></span> <span class='ocrx_word' id='word_1_155' title='bbox 458 2032 653 2120; x_wconf 80' lang='grc' dir='ltr'><strong><em>ξενοτρόπως</em></strong></span> <span class='ocrx_word' id='word_1_156' title='bbox 676 2030 875 2115; x_wconf 85' lang='grc' dir='ltr'><strong><em>έπρόττοντο,</em></strong></span> <span class='ocrx_word' id='word_1_157' title='bbox 897 2030 950 2095; x_wconf 79' lang='grc' dir='ltr'><strong><em>ἐπί</em></strong></span> <span class='ocrx_word' id='word_1_158' title='bbox 979 2032 1013 2095; x_wconf 86' lang='grc' dir='ltr'><strong><em>δὲ</em></strong></span> <span class='ocrx_word' id='word_1_159' title='bbox 1035 2034 1090 2114; x_wconf 79' lang='grc' dir='ltr'><strong><em>τῆς</em></strong></span> <span class='ocrx_word' id='word_1_160' title='bbox 1113 2029 1255 2117; x_wconf 78' lang='grc' dir='ltr'><strong><em>ἐθνικῆς</em></strong></span> <span class='ocrx_word' id='word_1_161' title='bbox 1275 2034 1362 2117; x_wconf 84' lang='grc' dir='ltr'><strong><em>μερί-</em></strong></span> 
     </span>
     <span class='ocr_line' id='line_1_20' title="bbox 156 2125 1360 2222; baseline -0.004 -20"><span class='ocrx_word' id='word_1_162' title='bbox 156 2210 160 2221; x_wconf 51' lang='grc'><strong><em>,</em></strong></span> <span class='ocrx_word' id='word_1_163' title='bbox 253 2141 308 2214; x_wconf 90' lang='grc' dir='ltr'><strong><em>δος</em></strong></span> <span class='ocrx_word' id='word_1_164' title='bbox 328 2138 456 2222; x_wconf 70' lang='grc' dir='ltr'><strong><em>ὑστέρει</em></strong></span> <span class='ocrx_word' id='word_1_165' title='bbox 474 2136 510 2201; x_wconf 90' lang='grc' dir='ltr'><strong><em>τό</em></strong></span> <span class='ocrx_word' id='word_1_166' title='bbox 534 2135 800 2221; x_wconf 74' lang='grc' dir='ltr'><strong><em>κατορθούμενον.</em></strong></span> <span class='ocrx_word' id='word_1_167' title='bbox 843 2135 882 2196; x_wconf 87' lang='grc' dir='ltr'><strong><em>ου’</em></strong></span> <span class='ocrx_word' id='word_1_168' title='bbox 903 2137 962 2214; x_wconf 85' lang='grc' dir='ltr'><strong><em>μὲν</em></strong></span> <span class='ocrx_word' id='word_1_169' title='bbox 985 2125 1050 2213; x_wconf 78' lang='grc' dir='ltr'><strong><em>σόν,</em></strong></span> <span class='ocrx_word' id='word_1_170' title='bbox 1064 2134 1143 2198; x_wconf 78' lang='grc' dir='ltr'><strong><em>ἀλλ’</em></strong></span> <span class='ocrx_word' id='word_1_171' title='bbox 1167 2138 1219 2197; x_wconf 79' lang='grc' dir='ltr'><strong><em>ἐπ’</em></strong></span> <span class='ocrx_word' id='word_1_172' title='bbox 1243 2132 1360 2199; x_wconf 79' lang='grc' dir='ltr'><strong><em>ἐκείνων</em></strong></span> 
     </span>
     <span class='ocr_line' id='line_1_21' title="bbox 252 2231 1403 2323; baseline 0.001 -24"><span class='ocrx_word' id='word_1_173' title='bbox 252 2238 373 2318; x_wconf 82' lang='grc' dir='ltr'><strong><em>μᾶλλον</em></strong></span> <span class='ocrx_word' id='word_1_174' title='bbox 396 2233 436 2299; x_wconf 86' lang='grc' dir='ltr'><strong><em>τό</em></strong></span> <span class='ocrx_word' id='word_1_175' title='bbox 459 2240 598 2318; x_wconf 78' lang='grc' dir='ltr'><strong><em>βραβεία</em></strong></span> <span class='ocrx_word' id='word_1_176' title='bbox 621 2236 906 2318; x_wconf 82' lang='grc' dir='ltr'><strong><em>προσεπιτείνοντο.</em></strong></span> <span class='ocrx_word' id='word_1_177' title='bbox 952 2231 980 2298; x_wconf 86' lang='grc' dir='ltr'><strong><em>οἱ</em></strong></span> <span class='ocrx_word' id='word_1_178' title='bbox 996 2231 1057 2317; x_wconf 82' lang='grc' dir='ltr'><strong><em>γόρ</em></strong></span> <span class='ocrx_word' id='word_1_179' title='bbox 1080 2231 1403 2323; x_wconf 75' lang='grc' dir='ltr'><strong><em>Κουτουλμοόσιοιιι</em></strong></span> 
     </span>
     <span class='ocr_line' id='line_1_22' title="bbox 257 2332 1359 2422; baseline -0.004 -19"><span class='ocrx_word' id='word_1_180' title='bbox 257 2337 396 2422; x_wconf 83' lang='grc' dir='ltr'><strong><em>Τοόριιοι</em></strong></span> <span class='ocrx_word' id='word_1_181' title='bbox 416 2333 497 2419; x_wconf 88' lang='grc' dir='ltr'><strong><em>μετό</em></strong></span> <span class='ocrx_word' id='word_1_182' title='bbox 520 2336 666 2422; x_wconf 69' lang='grc' dir='ltr'><strong><em>πλήθους·</em></strong></span> <span class='ocrx_word' id='word_1_183' title='bbox 685 2334 841 2401; x_wconf 84' lang='grc' dir='ltr'><strong><em>Οόννικοῦ</em></strong></span> <span class='ocrx_word' id='word_1_184' title='bbox 859 2338 893 2401; x_wconf 83' lang='grc' dir='ltr'><strong><em>έν</em></strong></span> <span class='ocrx_word' id='word_1_185' title='bbox 916 2332 1118 2417; x_wconf 83' lang='grc' dir='ltr'><strong><em>Χρυσοπόλει</em></strong></span> <span class='ocrx_word' id='word_1_186' title='bbox 1141 2332 1359 2420; x_wconf 78' lang='grc' dir='ltr'><strong><em>κατασκηνοό-</em></strong></span> 
     </span>
     <span class='ocr_line' id='line_1_23' title="bbox 251 2431 1403 2520; baseline -0.004 -17"><span class='ocrx_word' id='word_1_187' title='bbox 251 2462 342 2519; x_wconf 91' lang='grc' dir='ltr'><strong><em>μενοι</em></strong></span> <span class='ocrx_word' id='word_1_188' title='bbox 364 2433 517 2502; x_wconf 87' lang='grc' dir='ltr'><strong><em>πλειόνων</em></strong></span> <span class='ocrx_word' id='word_1_189' title='bbox 537 2438 686 2520; x_wconf 83' lang='grc' dir='ltr'><strong><em>α’γαθιόν,</em></strong></span> <span class='ocrx_word' id='word_1_190' title='bbox 708 2431 751 2510; x_wconf 74' lang='grc' dir='ltr'><strong><em>ὥς</em></strong></span> <span class='ocrx_word' id='word_1_191' title='bbox 776 2432 834 2517; x_wconf 71' lang='grc' dir='ltr'><strong><em>τήν</em></strong></span> <span class='ocrx_word' id='word_1_192' title='bbox 854 2433 1001 2519; x_wconf 68' lang='grc' dir='ltr'><strong><em>δουλικὴν</em></strong></span> <span class='ocrx_word' id='word_1_193' title='bbox 1028 2434 1162 2518; x_wconf 75' lang='grc' dir='ltr'><strong><em>στοργὴν</em></strong></span> <span class='ocrx_word' id='word_1_194' title='bbox 1179 2432 1242 2498; x_wconf 85' lang='grc' dir='ltr'><strong><em>καί</em></strong></span> <span class='ocrx_word' id='word_1_195' title='bbox 1262 2439 1360 2498; x_wconf 87' lang='grc' dir='ltr'><strong><em>πίστιν</em></strong></span> <span class='ocrx_word' id='word_1_196' title='bbox 1402 2453 1403 2480; x_wconf 77' lang='lat'><em>³</em></span> 
     </span>
     <span class='ocr_line' id='line_1_24' title="bbox 253 2531 1359 2626; baseline -0.005 -24"><span class='ocrx_word' id='word_1_197' title='bbox 253 2542 422 2625; x_wconf 79' lang='grc' dir='ltr'><strong><em>τηροῦντες</em></strong></span> <span class='ocrx_word' id='word_1_198' title='bbox 458 2542 503 2626; x_wconf 72' lang='grc' dir='ltr'><strong><em>τῷ</em></strong></span> <span class='ocrx_word' id='word_1_199' title='bbox 521 2542 663 2620; x_wconf 78' lang='grc' dir='ltr'><strong><em>βασιλεῖ,</em></strong></span> <span class='ocrx_word' id='word_1_200' title='bbox 685 2539 929 2621; x_wconf 85' lang='grc' dir='ltr'><strong><em>παραπήλαυον.</em></strong></span> <span class='ocrx_word' id='word_1_201' title='bbox 983 2536 1038 2601; x_wconf 81' lang='grc' dir='ltr'><strong><em>καί</em></strong></span> <span class='ocrx_word' id='word_1_202' title='bbox 1058 2531 1087 2598; x_wconf 84' lang='grc' dir='ltr'><strong><em>οἱ</em></strong></span> <span class='ocrx_word' id='word_1_203' title='bbox 1109 2533 1359 2620; x_wconf 81' lang='grc' dir='ltr'><strong><em>προεξοὶρχοντες</em></strong></span> 
     </span>
    </p>
   </div>
   <div class='ocr_carea' id='block_1_3' title="bbox 256 2830 1355 3040">
    <p class='ocr_par' dir='ltr' id='par_1_3' title="bbox 256 2830 1355 3040">
     <span class='ocr_line' id='line_1_25' title="bbox 256 2830 1355 2902; baseline 0.004 -21"><span class='ocrx_word' id='word_1_204' title='bbox 256 2830 336 2882; x_wconf 83' lang='lat' dir='ltr'><strong>tectis</strong></span> <span class='ocrx_word' id='word_1_205' title='bbox 355 2831 457 2882; x_wconf 84' lang='lat' dir='ltr'><strong>viarum</strong></span> <span class='ocrx_word' id='word_1_206' title='bbox 485 2831 668 2898; x_wconf 82' lang='lat' dir='ltr'><strong>publicarum,</strong></span> <span class='ocrx_word' id='word_1_207' title='bbox 694 2848 763 2901; x_wconf 87' lang='lat' dir='ltr'><strong>quae</strong></span> <span class='ocrx_word' id='word_1_208' title='bbox 791 2833 896 2902; x_wconf 86' lang='lat' dir='ltr'><strong>quidem</strong></span> <span class='ocrx_word' id='word_1_209' title='bbox 916 2832 1034 2899; x_wconf 71' lang='lat' dir='ltr'><strong>portibus</strong></span> <span class='ocrx_word' id='word_1_210' title='bbox 1052 2833 1195 2898; x_wconf 85' lang='lat' dir='ltr'><strong>dieantur,</strong></span> <span class='ocrx_word' id='word_1_211' title='bbox 1218 2842 1355 2887; x_wconf 73' lang='lat' dir='ltr'><strong>versantur</strong></span> 
     </span>
     <span class='ocr_line' id='line_1_26' title="bbox 258 2901 1355 2970; baseline 0.003 -17"><span class='ocrx_word' id='word_1_212' title='bbox 258 2910 287 2955; x_wconf 91' lang='lat' dir='ltr'><strong><em>et</em></strong></span> <span class='ocrx_word' id='word_1_213' title='bbox 307 2901 392 2954; x_wconf 86' lang='lat' dir='ltr'><strong>latent</strong></span> <span class='ocrx_word' id='word_1_214' title='bbox 411 2909 437 2954; x_wconf 91' lang='lat' dir='ltr'><strong><em>et</em></strong></span> <span class='ocrx_word' id='word_1_215' title='bbox 456 2902 637 2956; x_wconf 85' lang='lat' dir='ltr'><strong>accubitorum</strong></span> <span class='ocrx_word' id='word_1_216' title='bbox 650 2905 769 2957; x_wconf 83' lang='lat' dir='ltr'>ordinem</span> <span class='ocrx_word' id='word_1_217' title='bbox 783 2903 829 2956; x_wconf 83' lang='lat' dir='ltr'><strong><em>vel</em></strong></span> <span class='ocrx_word' id='word_1_218' title='bbox 848 2903 1013 2970; x_wconf 72' lang='lat' dir='ltr'><strong>adulatorum</strong></span> <span class='ocrx_word' id='word_1_219' title='bbox 1031 2904 1077 2955; x_wconf 83' lang='lat' dir='ltr'><strong><em>vel</em></strong></span> <span class='ocrx_word' id='word_1_220' title='bbox 1095 2912 1125 2956; x_wconf 91' lang='lat' dir='ltr'><strong><em>ut</em></strong></span> <span class='ocrx_word' id='word_1_221' title='bbox 1145 2905 1239 2958; x_wconf 78' lang='lat' dir='ltr'><strong>verius</strong></span> <span class='ocrx_word' id='word_1_222' title='bbox 1257 2914 1299 2958; x_wconf 90' lang='lat' dir='ltr'><strong><em>est</em></strong></span> <span class='ocrx_word' id='word_1_223' title='bbox 1317 2907 1355 2956; x_wconf 89' lang='lat' dir='ltr'><strong><em>di-</em></strong></span> 
     </span>
     <span class='ocr_line' id='line_1_27' title="bbox 260 2975 1354 3040; baseline 0.002 -14"><span class='ocrx_word' id='word_1_224' title='bbox 260 2975 373 3026; x_wconf 86' lang='lat' dir='ltr'><strong>cendum</strong></span> <span class='ocrx_word' id='word_1_225' title='bbox 391 2976 597 3027; x_wconf 77' lang='lat' dir='ltr'><strong>mendicantium</strong></span> <span class='ocrx_word' id='word_1_226' title='bbox 617 2976 747 3040; x_wconf 79' lang='lat' dir='ltr'><strong>obtinent,</strong></span> <span class='ocrx_word' id='word_1_227' title='bbox 767 2976 886 3028; x_wconf 87' lang='lat' dir='ltr'><strong>solentes</strong></span> <span class='ocrx_word' id='word_1_228' title='bbox 906 2975 938 3027; x_wconf 91' lang='lat' dir='ltr'><strong><em>ad</em></strong></span> <span class='ocrx_word' id='word_1_229' title='bbox 957 2975 1048 3027; x_wconf 88' lang='lat' dir='ltr'><strong>domus</strong></span> <span class='ocrx_word' id='word_1_230' title='bbox 1067 2975 1259 3028; x_wconf 74' lang='lat' dir='ltr'><strong>honoratorum</strong></span> <span class='ocrx_word' id='word_1_231' title='bbox 1277 2993 1354 3028; x_wconf 89' lang='lat' dir='ltr'><strong>acce-</strong></span> 
     </span>
    </p>
   </div>
   <div class='ocr_carea' id='block_1_4' title="bbox 157 3044 1403 3115">
    <p class='ocr_par' dir='ltr' id='par_1_4' title="bbox 157 3044 1403 3115">
     <span class='ocr_line' id='line_1_28' title="bbox 157 3044 1403 3115; baseline -0.001 -17"><span class='ocrx_word' id='word_1_232' title='bbox 157 3083 161 3088; x_wconf 47' lang='lat'><em>1</em></span> <span class='ocrx_word' id='word_1_233' title='bbox 255 3047 320 3099; x_wconf 89' lang='lat' dir='ltr'><strong>dere</strong></span> <span class='ocrx_word' id='word_1_234' title='bbox 339 3053 367 3097; x_wconf 90' lang='lat' dir='ltr'><strong><em>et</em></strong></span> <span class='ocrx_word' id='word_1_235' title='bbox 385 3044 555 3099; x_wconf 87' lang='lat' dir='ltr'><strong>celebrare</strong></span> <span class='ocrx_word' id='word_1_236' title='bbox 548 3063 576 3098; x_wconf 88' lang='lat' dir='ltr'><strong>m</strong></span> <span class='ocrx_word' id='word_1_237' title='bbox 604 3049 690 3114; x_wconf 82' lang='lat' dir='ltr'><strong>gratia</strong></span> <span class='ocrx_word' id='word_1_238' title='bbox 707 3047 848 3115; x_wconf 84' lang='lat' dir='ltr'><strong>magnilica</strong></span> <span class='ocrx_word' id='word_1_239' title='bbox 868 3063 961 3114; x_wconf 78' lang='lat' dir='ltr'><strong>regum</strong></span> <span class='ocrx_word' id='word_1_240' title='bbox 981 3046 1157 3098; x_wconf 88' lang='lat' dir='ltr'><strong>elementiam</strong></span> <span class='ocrx_word' id='word_1_241' title='bbox 1184 3057 1211 3099; x_wconf 91' lang='lat' dir='ltr'><strong><em>et</em></strong></span> <span class='ocrx_word' id='word_1_242' title='bbox 1231 3048 1354 3100; x_wconf 89' lang='lat' dir='ltr'><strong>honorem</strong></span> <span class='ocrx_word' id='word_1_243' title='bbox 1402 3059 1403 3108; x_wconf 53' lang='grc' dir='ltr'><strong><em>ι</em></strong></span> 
     </span>
    </p>
   </div>
   <div class='ocr_carea' id='block_1_5' title="bbox 254 3117 1403 3686">
    <p class='ocr_par' dir='ltr' id='par_1_5' title="bbox 254 3117 1403 3686">
     <span class='ocr_line' id='line_1_29' title="bbox 254 3117 1354 3186; baseline -0.001 -17"><span class='ocrx_word' id='word_1_244' title='bbox 254 3117 387 3170; x_wconf 88' lang='lat' dir='ltr'><strong>illustrem</strong></span> <span class='ocrx_word' id='word_1_245' title='bbox 409 3125 436 3168; x_wconf 91' lang='lat' dir='ltr'><strong><em>et</em></strong></span> <span class='ocrx_word' id='word_1_246' title='bbox 453 3118 532 3170; x_wconf 84' lang='lat' dir='ltr'><strong>valde</strong></span> <span class='ocrx_word' id='word_1_247' title='bbox 550 3117 667 3182; x_wconf 90' lang='lat' dir='ltr'><strong>beatum,</strong></span> <span class='ocrx_word' id='word_1_248' title='bbox 688 3127 715 3170; x_wconf 87' lang='lat' dir='ltr'><strong><em>et</em></strong></span> <span class='ocrx_word' id='word_1_249' title='bbox 733 3119 784 3186; x_wconf 84' lang='lat' dir='ltr'><strong>ipsi</strong></span> <span class='ocrx_word' id='word_1_250' title='bbox 805 3133 839 3169; x_wconf 86' lang='lat' dir='ltr'><strong><em>ex</em></strong></span> <span class='ocrx_word' id='word_1_251' title='bbox 856 3118 1100 3184; x_wconf 83' lang='lat' dir='ltr'><strong>pauperibuslacti</strong></span> <span class='ocrx_word' id='word_1_252' title='bbox 1123 3126 1184 3172; x_wconf 89' lang='lat' dir='ltr'><strong>sunt</strong></span> <span class='ocrx_word' id='word_1_253' title='bbox 1203 3119 1313 3184; x_wconf 80' lang='lat' dir='ltr'><strong>divites,</strong></span> <span class='ocrx_word' id='word_1_254' title='bbox 1332 3128 1354 3168; x_wconf 84' lang='lat' dir='ltr'><strong><em>et</em></strong></span> 
     </span>
     <span class='ocr_line' id='line_1_30' title="bbox 254 3183 1403 3258; baseline 0.002 -19"><span class='ocrx_word' id='word_1_255' title='bbox 254 3188 392 3256; x_wconf 85' lang='lat' dir='ltr'><strong>pollentes</strong></span> <span class='ocrx_word' id='word_1_256' title='bbox 420 3205 454 3240; x_wconf 87' lang='lat' dir='ltr'><strong><em>ex</em></strong></span> <span class='ocrx_word' id='word_1_257' title='bbox 479 3189 572 3258; x_wconf 80' lang='lat' dir='ltr'><strong>egenis</strong></span> <span class='ocrx_word' id='word_1_258' title='bbox 598 3191 777 3240; x_wconf 84' lang='lat' dir='ltr'><strong>continuitate</strong></span> <span class='ocrx_word' id='word_1_259' title='bbox 803 3198 829 3240; x_wconf 90' lang='lat' dir='ltr'><strong><em>et</em></strong></span> <span class='ocrx_word' id='word_1_260' title='bbox 851 3203 948 3257; x_wconf 85' lang='lat' dir='ltr'><strong>magno</strong></span> <span class='ocrx_word' id='word_1_261' title='bbox 976 3204 1087 3241; x_wconf 88' lang='lat' dir='ltr'><strong>numero</strong></span> <span class='ocrx_word' id='word_1_262' title='bbox 1109 3189 1299 3242; x_wconf 85' lang='lat' dir='ltr'><strong>honoratorum</strong></span> <span class='ocrx_word' id='word_1_263' title='bbox 1317 3199 1354 3242; x_wconf 89' lang='lat' dir='ltr'><strong><em>sat</em></strong></span> <span class='ocrx_word' id='word_1_264' title='bbox 1402 3183 1403 3192; x_wconf 44' lang='lat'><strong>³</strong></span> 
     </span>
     <span class='ocr_line' id='line_1_31' title="bbox 254 3259 1403 3328; baseline 0.003 -17"><span class='ocrx_word' id='word_1_265' title='bbox 254 3275 377 3328; x_wconf 80' lang='lat' dir='ltr'><strong>magnam</strong></span> <span class='ocrx_word' id='word_1_266' title='bbox 395 3261 516 3328; x_wconf 90' lang='lat' dir='ltr'><strong>quotidie</strong></span> <span class='ocrx_word' id='word_1_267' title='bbox 535 3261 666 3326; x_wconf 85' lang='lat' dir='ltr'><strong>pecuniae</strong></span> <span class='ocrx_word' id='word_1_268' title='bbox 684 3261 790 3327; x_wconf 69' lang='lat' dir='ltr'><strong>&#39;copiam</strong></span> <span class='ocrx_word' id='word_1_269' title='bbox 808 3261 840 3311; x_wconf 87' lang='lat' dir='ltr'><strong><em>ab</em></strong></span> <span class='ocrx_word' id='word_1_270' title='bbox 860 3259 901 3311; x_wconf 88' lang='lat' dir='ltr'><strong><em>his</em></strong></span> <span class='ocrx_word' id='word_1_271' title='bbox 922 3261 1050 3312; x_wconf 85' lang='lat' dir='ltr'><strong>ferentes.</strong></span> <span class='ocrx_word' id='word_1_272' title='bbox 1070 3261 1099 3312; x_wconf 91' lang='lat' dir='ltr'><strong><em>lit</em></strong></span> <span class='ocrx_word' id='word_1_273' title='bbox 1119 3262 1188 3312; x_wconf 89' lang='lat' dir='ltr'><strong>enim</strong></span> <span class='ocrx_word' id='word_1_274' title='bbox 1206 3261 1304 3313; x_wconf 91' lang='lat' dir='ltr'><strong>donum</strong></span> <span class='ocrx_word' id='word_1_275' title='bbox 1322 3261 1352 3313; x_wconf 85' lang='lat' dir='ltr'><strong><em>ab</em></strong></span> <span class='ocrx_word' id='word_1_276' title='bbox 1402 3269 1403 3276; x_wconf 78' lang='grc'>’</span> 
     </span>
     <span class='ocr_line' id='line_1_32' title="bbox 255 3329 1352 3401; baseline -0.001 -20"><span class='ocrx_word' id='word_1_277' title='bbox 255 3331 378 3382; x_wconf 87' lang='lat' dir='ltr'><strong>omnibus</strong></span> <span class='ocrx_word' id='word_1_278' title='bbox 396 3329 482 3384; x_wconf 88' lang='lat' dir='ltr'><strong>beatis</strong></span> <span class='ocrx_word' id='word_1_279' title='bbox 502 3333 578 3400; x_wconf 89' lang='lat' dir='ltr'><strong>quasi</strong></span> <span class='ocrx_word' id='word_1_280' title='bbox 598 3347 631 3383; x_wconf 86' lang='lat' dir='ltr'><strong><em>ex</em></strong></span> <span class='ocrx_word' id='word_1_281' title='bbox 651 3332 796 3398; x_wconf 75' lang='lat' dir='ltr'><strong>symbolis,</strong></span> <span class='ocrx_word' id='word_1_282' title='bbox 822 3347 898 3401; x_wconf 88' lang='lat' dir='ltr'><strong>quam</strong></span> <span class='ocrx_word' id='word_1_283' title='bbox 919 3332 999 3383; x_wconf 87' lang='lat' dir='ltr'><strong>etiam</strong></span> <span class='ocrx_word' id='word_1_284' title='bbox 1019 3333 1241 3384; x_wconf 87' lang='lat' dir='ltr'><strong>consuetudinem</strong></span> <span class='ocrx_word' id='word_1_285' title='bbox 1259 3332 1352 3386; x_wconf 85' lang='lat' dir='ltr'><strong>Christi</strong></span> 
     </span>
     <span class='ocr_line' id='line_1_33' title="bbox 256 3401 1352 3485; baseline 0.001 -32"><span class='ocrx_word' id='word_1_286' title='bbox 256 3401 440 3485; x_wconf 82' lang='lat' dir='ltr'><strong>elegantiores</strong></span> <span class='ocrx_word' id='word_1_287' title='bbox 459 3402 558 3454; x_wconf 87' lang='lat' dir='ltr'><strong>dieunt.</strong></span> <span class='ocrx_word' id='word_1_288' title='bbox 579 3404 743 3469; x_wconf 86' lang='lat' dir='ltr'><strong>procedente</strong></span> <span class='ocrx_word' id='word_1_289' title='bbox 761 3412 849 3455; x_wconf 87' lang='lat' dir='ltr'><strong>autem</strong></span> <span class='ocrx_word' id='word_1_290' title='bbox 862 3402 1111 3454; x_wconf 82' lang='lat' dir='ltr'><strong>beneficientiaed</strong></span> <span class='ocrx_word' id='word_1_291' title='bbox 1104 3419 1260 3456; x_wconf 82' lang='lat' dir='ltr'><strong>immensum</strong></span> <span class='ocrx_word' id='word_1_292' title='bbox 1277 3420 1352 3455; x_wconf 86' lang='lat' dir='ltr'><strong>acer·</strong></span> 
     </span>
     <span class='ocr_line' id='line_1_34' title="bbox 258 3473 1350 3557; baseline -0.001 -32"><span class='ocrx_word' id='word_1_293' title='bbox 258 3488 332 3557; x_wconf 78' lang='lat' dir='ltr'><strong>vum,</strong></span> <span class='ocrx_word' id='word_1_294' title='bbox 354 3474 432 3525; x_wconf 88' lang='lat' dir='ltr'><strong>etiam</strong></span> <span class='ocrx_word' id='word_1_295' title='bbox 452 3473 485 3524; x_wconf 89' lang='lat' dir='ltr'><strong><em>ad</em></strong></span> <span class='ocrx_word' id='word_1_296' title='bbox 503 3488 594 3526; x_wconf 83' lang='lat' dir='ltr'><strong>onmes</strong></span> <span class='ocrx_word' id='word_1_297' title='bbox 614 3481 703 3540; x_wconf 87' lang='lat' dir='ltr'><strong>partes</strong></span> <span class='ocrx_word' id='word_1_298' title='bbox 722 3473 802 3526; x_wconf 84' lang='lat' dir='ltr'><strong>urbes</strong></span> <span class='ocrx_word' id='word_1_299' title='bbox 824 3488 932 3525; x_wconf 87' lang='lat' dir='ltr'><strong>currere</strong></span> <span class='ocrx_word' id='word_1_300' title='bbox 958 3481 984 3524; x_wconf 88' lang='lat' dir='ltr'><strong><em>et</em></strong></span> <span class='ocrx_word' id='word_1_301' title='bbox 1002 3475 1127 3540; x_wconf 85' lang='lat' dir='ltr'><strong>accipere</strong></span> <span class='ocrx_word' id='word_1_302' title='bbox 1147 3475 1192 3527; x_wconf 84' lang='lat' dir='ltr'><strong><em>vel</em></strong></span> <span class='ocrx_word' id='word_1_303' title='bbox 1211 3474 1240 3526; x_wconf 91' lang='lat' dir='ltr'><strong><em>hi</em></strong></span> <span class='ocrx_word' id='word_1_304' title='bbox 1257 3475 1350 3527; x_wconf 85' lang='lat' dir='ltr'><strong>delati.</strong></span> 
     </span>
     <span class='ocr_line' id='line_1_35' title="bbox 256 3535 1350 3613; baseline -0.002 -17"><span class='ocrx_word' id='word_1_305' title='bbox 256 3545 313 3613; x_wconf 75' lang='lat' dir='ltr'><strong>gati</strong></span> <span class='ocrx_word' id='word_1_306' title='bbox 332 3553 403 3608; x_wconf 88' lang='lat' dir='ltr'><strong>sunt,</strong></span> <span class='ocrx_word' id='word_1_307' title='bbox 422 3544 488 3596; x_wconf 88' lang='lat' dir='ltr'><strong>lieet</strong></span> <span class='ocrx_word' id='word_1_308' title='bbox 508 3535 610 3596; x_wconf 86' lang='lat' dir='ltr'><strong>lucrum</strong></span> <span class='ocrx_word' id='word_1_309' title='bbox 631 3543 740 3596; x_wconf 82' lang='lat' dir='ltr'><strong>afferret</strong></span> <span class='ocrx_word' id='word_1_310' title='bbox 761 3560 841 3597; x_wconf 83' lang='lat' dir='ltr'><strong>cauea</strong></span> <span class='ocrx_word' id='word_1_311' title='bbox 860 3544 959 3612; x_wconf 90' lang='lat' dir='ltr'><strong>ubique</strong></span> <span class='ocrx_word' id='word_1_312' title='bbox 985 3545 1154 3597; x_wconf 85' lang='lat' dir='ltr'><strong>adveniendi.</strong></span> <span class='ocrx_word' id='word_1_313' title='bbox 1193 3545 1350 3599; x_wconf 85' lang='lat' dir='ltr'><strong>immoderati</strong></span> 
     </span>
     <span class='ocr_line' id='line_1_36' title="bbox 259 3614 1284 3686; baseline 0.003 -19"><span class='ocrx_word' id='word_1_314' title='bbox 259 3616 330 3668; x_wconf 87' lang='lat' dir='ltr'><strong>euim</strong></span> <span class='ocrx_word' id='word_1_315' title='bbox 349 3615 457 3668; x_wconf 86' lang='lat' dir='ltr'><strong>labores</strong></span> <span class='ocrx_word' id='word_1_316' title='bbox 476 3616 609 3668; x_wconf 88' lang='lat' dir='ltr'><strong>adducunt</strong></span> <span class='ocrx_word' id='word_1_317' title='bbox 626 3616 666 3667; x_wconf 92' lang='lat' dir='ltr'><strong><em>sie</em></strong></span> <span class='ocrx_word' id='word_1_318' title='bbox 685 3615 856 3684; x_wconf 78' lang='lat' dir='ltr'><strong>defatigatos,</strong></span> <span class='ocrx_word' id='word_1_319' title='bbox 876 3625 905 3667; x_wconf 93' lang='lat' dir='ltr'><strong><em>ut</em></strong></span> <span class='ocrx_word' id='word_1_320' title='bbox 925 3617 1003 3668; x_wconf 91' lang='lat' dir='ltr'><strong>etiam</strong></span> <span class='ocrx_word' id='word_1_321' title='bbox 1015 3614 1118 3668; x_wconf 87' lang='lat' dir='ltr'><strong>luorum</strong></span> <span class='ocrx_word' id='word_1_322' title='bbox 1135 3616 1284 3686; x_wconf 79' lang='lat' dir='ltr'><strong>negligant.</strong></span> 
     </span>
    </p>
   </div>
   <div class='ocr_carea' id='block_1_6' title="bbox 187 3703 1403 4133">
    <p class='ocr_par' dir='ltr' id='par_1_6' title="bbox 187 3703 1403 4133">
     <span class='ocr_line' id='line_1_37' title="bbox 358 3703 1403 3772; baseline 0.002 -15"><span class='ocrx_word' id='word_1_323' title='bbox 358 3703 410 3758; x_wconf 87' lang='lat' dir='ltr'><strong>Sed</strong></span> <span class='ocrx_word' id='word_1_324' title='bbox 430 3705 501 3755; x_wconf 89' lang='lat' dir='ltr'><strong>inter</strong></span> <span class='ocrx_word' id='word_1_325' title='bbox 528 3705 603 3757; x_wconf 81' lang='lat' dir='ltr'><strong>cives</strong></span> <span class='ocrx_word' id='word_1_326' title='bbox 624 3704 728 3770; x_wconf 89' lang='lat' dir='ltr'><strong>quidem</strong></span> <span class='ocrx_word' id='word_1_327' title='bbox 749 3712 775 3755; x_wconf 95' lang='lat' dir='ltr'><strong><em>et</em></strong></span> <span class='ocrx_word' id='word_1_328' title='bbox 792 3703 907 3770; x_wconf 88' lang='lat' dir='ltr'><strong>milites,</strong></span> <span class='ocrx_word' id='word_1_329' title='bbox 937 3705 981 3772; x_wconf 92' lang='lat' dir='ltr'><strong><em>qui</em></strong></span> <span class='ocrx_word' id='word_1_330' title='bbox 1001 3719 1061 3755; x_wconf 86' lang='lat' dir='ltr'><strong>cunr</strong></span> <span class='ocrx_word' id='word_1_331' title='bbox 1080 3719 1113 3756; x_wconf 92' lang='lat' dir='ltr'><strong><em>eo</em></strong></span> <span class='ocrx_word' id='word_1_332' title='bbox 1132 3712 1159 3755; x_wconf 89' lang='lat' dir='ltr'><strong><em>et</em></strong></span> <span class='ocrx_word' id='word_1_333' title='bbox 1178 3705 1205 3756; x_wconf 89' lang='lat' dir='ltr'><strong>in</strong></span> <span class='ocrx_word' id='word_1_334' title='bbox 1224 3705 1288 3758; x_wconf 89' lang='lat' dir='ltr'><strong>urbe</strong></span> <span class='ocrx_word' id='word_1_335' title='bbox 1306 3708 1349 3759; x_wconf 88' lang='lat' dir='ltr'><strong><em>ad·</em></strong></span> <span class='ocrx_word' id='word_1_336' title='bbox 1402 3713 1403 3724; x_wconf 63' lang='lat'>¹</span> 
     </span>
     <span class='ocr_line' id='line_1_38' title="bbox 260 3774 1403 3844; baseline 0.002 -17"><span class='ocrx_word' id='word_1_337' title='bbox 260 3783 359 3841; x_wconf 90' lang='lat' dir='ltr'><strong>essent,</strong></span> <span class='ocrx_word' id='word_1_338' title='bbox 378 3775 444 3826; x_wconf 89' lang='lat' dir='ltr'><strong>talia</strong></span> <span class='ocrx_word' id='word_1_339' title='bbox 460 3776 528 3827; x_wconf 87' lang='lat' dir='ltr'><strong>mire</strong></span> <span class='ocrx_word' id='word_1_340' title='bbox 546 3775 645 3828; x_wconf 80' lang='lat' dir='ltr'><strong>fiebant</strong></span> <span class='ocrx_word' id='word_1_341' title='bbox 670 3782 698 3826; x_wconf 92' lang='lat' dir='ltr'><strong><em>et</em></strong></span> <span class='ocrx_word' id='word_1_342' title='bbox 716 3774 885 3841; x_wconf 87' lang='lat' dir='ltr'><strong>hospitaliter</strong></span> <span class='ocrx_word' id='word_1_343' title='bbox 910 3775 1072 3844; x_wconf 80' lang='lat' dir='ltr'><strong>agebantur:</strong></span> <span class='ocrx_word' id='word_1_344' title='bbox 1102 3777 1130 3827; x_wconf 87' lang='lat' dir='ltr'><strong><em>iu</em></strong></span> <span class='ocrx_word' id='word_1_345' title='bbox 1148 3790 1251 3844; x_wconf 84' lang='lat' dir='ltr'><strong>pagana</strong></span> <span class='ocrx_word' id='word_1_346' title='bbox 1269 3786 1350 3829; x_wconf 88' lang='lat' dir='ltr'><strong>auten</strong></span> <span class='ocrx_word' id='word_1_347' title='bbox 1402 3781 1403 3788; x_wconf 78' lang='grc'>’</span> 
     </span>
     <span class='ocr_line' id='line_1_39' title="bbox 258 3845 1350 3914; baseline 0.003 -17"><span class='ocrx_word' id='word_1_348' title='bbox 258 3854 335 3911; x_wconf 82' lang='lat' dir='ltr'><strong>parte</strong></span> <span class='ocrx_word' id='word_1_349' title='bbox 354 3845 506 3900; x_wconf 83' lang='lat' dir='ltr'><strong>tardabatur</strong></span> <span class='ocrx_word' id='word_1_350' title='bbox 524 3846 692 3899; x_wconf 86' lang='lat' dir='ltr'><strong>beneficium.</strong></span> <span class='ocrx_word' id='word_1_351' title='bbox 731 3847 777 3898; x_wconf 83' lang='lat' dir='ltr'><strong><em>sed</em></strong></span> <span class='ocrx_word' id='word_1_352' title='bbox 800 3847 828 3898; x_wconf 91' lang='lat' dir='ltr'><strong>in</strong></span> <span class='ocrx_word' id='word_1_353' title='bbox 846 3845 910 3898; x_wconf 87' lang='lat' dir='ltr'><strong>illos</strong></span> <span class='ocrx_word' id='word_1_354' title='bbox 929 3848 1013 3914; x_wconf 80' lang='lat' dir='ltr'><strong>magis</strong></span> <span class='ocrx_word' id='word_1_355' title='bbox 1038 3848 1155 3913; x_wconf 84' lang='lat' dir='ltr'><strong>praemia</strong></span> <span class='ocrx_word' id='word_1_356' title='bbox 1176 3849 1350 3900; x_wconf 86' lang='lat' dir='ltr'><strong>extendeban-</strong></span> 
     </span>
     <span class='ocr_line' id='line_1_40' title="bbox 255 3916 1350 3985; baseline 0.001 -20"><span class='ocrx_word' id='word_1_357' title='bbox 255 3923 309 3967; x_wconf 92' lang='lat' dir='ltr'><strong>tur.</strong></span> <span class='ocrx_word' id='word_1_358' title='bbox 348 3917 507 3972; x_wconf 80' lang='lat' dir='ltr'><strong>Gutulmusii</strong></span> <span class='ocrx_word' id='word_1_359' title='bbox 526 3918 596 3968; x_wconf 86' lang='lat' dir='ltr'><strong>eninr</strong></span> <span class='ocrx_word' id='word_1_360' title='bbox 607 3917 707 3969; x_wconf 82' lang='lat' dir='ltr'><strong>Tureue</strong></span> <span class='ocrx_word' id='word_1_361' title='bbox 727 3932 785 3968; x_wconf 88' lang='lat' dir='ltr'><strong><em>eum</em></strong></span> <span class='ocrx_word' id='word_1_362' title='bbox 794 3916 964 3970; x_wconf 89' lang='lat' dir='ltr'><strong>multitudine</strong></span> <span class='ocrx_word' id='word_1_363' title='bbox 979 3917 1100 3969; x_wconf 87' lang='lat' dir='ltr'><strong>Hunniea</strong></span> <span class='ocrx_word' id='word_1_364' title='bbox 1114 3917 1274 3985; x_wconf 77' lang='lat' dir='ltr'><strong>chrysopoli</strong></span> <span class='ocrx_word' id='word_1_365' title='bbox 1292 3935 1350 3972; x_wconf 82' lang='lat' dir='ltr'><strong>rer.</strong></span> 
     </span>
     <span class='ocr_line' id='line_1_41' title="bbox 255 3987 1350 4058; baseline 0.003 -20"><span class='ocrx_word' id='word_1_366' title='bbox 255 3993 346 4038; x_wconf 86' lang='lat' dir='ltr'><strong>santes</strong></span> <span class='ocrx_word' id='word_1_367' title='bbox 367 3987 445 4055; x_wconf 84' lang='lat' dir='ltr'><strong>plura</strong></span> <span class='ocrx_word' id='word_1_368' title='bbox 463 3989 534 4040; x_wconf 90' lang='lat' dir='ltr'><strong>bona</strong></span> <span class='ocrx_word' id='word_1_369' title='bbox 553 3996 583 4040; x_wconf 89' lang='lat' dir='ltr'><strong><em>ut</em></strong></span> <span class='ocrx_word' id='word_1_370' title='bbox 602 3989 732 4040; x_wconf 87' lang='lat' dir='ltr'><strong>servilem</strong></span> <span class='ocrx_word' id='word_1_371' title='bbox 751 4003 867 4040; x_wconf 89' lang='lat' dir='ltr'><strong>amorem</strong></span> <span class='ocrx_word' id='word_1_372' title='bbox 883 3997 910 4041; x_wconf 89' lang='lat' dir='ltr'><strong><em>et</em></strong></span> <span class='ocrx_word' id='word_1_373' title='bbox 927 3990 1005 4041; x_wconf 82' lang='lat' dir='ltr'><strong>iidem</strong></span> <span class='ocrx_word' id='word_1_374' title='bbox 1018 3997 1185 4042; x_wconf 85' lang='lat' dir='ltr'><strong>serranteea</strong></span> <span class='ocrx_word' id='word_1_375' title='bbox 1204 4005 1269 4058; x_wconf 75' lang='lat' dir='ltr'><strong>rege</strong></span> <span class='ocrx_word' id='word_1_376' title='bbox 1286 3991 1350 4042; x_wconf 83' lang='lat' dir='ltr'><strong>nacti</strong></span> 
     </span>
     <span class='ocr_line' id='line_1_42' title="bbox 187 4059 1350 4133; baseline 0.009 -27"><span class='ocrx_word' id='word_1_377' title='bbox 187 4068 190 4072; x_wconf 89' lang='lat'>·</span> <span class='ocrx_word' id='word_1_378' title='bbox 255 4063 319 4113; x_wconf 87' lang='lat' dir='ltr'><strong>sunt</strong></span> <span class='ocrx_word' id='word_1_379' title='bbox 337 4066 365 4110; x_wconf 88' lang='lat' dir='ltr'><strong><em>et</em></strong></span> <span class='ocrx_word' id='word_1_380' title='bbox 382 4061 518 4128; x_wconf 79' lang='lat' dir='ltr'><strong>prinsipes</strong></span> <span class='ocrx_word' id='word_1_381' title='bbox 538 4060 673 4115; x_wconf 82' lang='lat' dir='ltr'><strong>exereitus</strong></span> <span class='ocrx_word' id='word_1_382' title='bbox 693 4075 785 4114; x_wconf 84' lang='lat' dir='ltr'><strong>eoram</strong></span> <span class='ocrx_word' id='word_1_383' title='bbox 806 4061 960 4133; x_wconf 69' lang='lat' dir='ltr'><strong>(anerades</strong></span> <span class='ocrx_word' id='word_1_384' title='bbox 988 4060 1060 4115; x_wconf 88' lang='lat' dir='ltr'><strong>solet</strong></span> <span class='ocrx_word' id='word_1_385' title='bbox 1079 4059 1128 4114; x_wconf 86' lang='lat' dir='ltr'><strong><em>boa</em></strong></span> <span class='ocrx_word' id='word_1_386' title='bbox 1149 4073 1248 4116; x_wconf 82' lang='lat' dir='ltr'><strong>vocare</strong></span> <span class='ocrx_word' id='word_1_387' title='bbox 1266 4071 1294 4115; x_wconf 87' lang='lat' dir='ltr'><strong><em>et</em></strong></span> <span class='ocrx_word' id='word_1_388' title='bbox 1309 4079 1350 4116; x_wconf 85' lang='lat' dir='ltr'><strong><em>se-</em></strong></span> 
     </span>
    </p>
   </div>
   <div class='ocr_carea' id='block_1_7' title="bbox 0 0 1429 4750">
    <p class='ocr_par' dir='ltr' id='par_1_7' title="bbox 0 0 1429 4750">
     <span class='ocr_line' id='line_1_43' title="bbox 0 0 1429 4750; baseline 0 0"><span class='ocrx_word' id='word_1_389' title='bbox 0 0 1429 4750; x_wconf 95' lang='lat' dir='ltr'><strong><em> </em></strong></span> 
     </span>
    </p>
   </div>
  </div>
 </body>
</html>
