2834 4750
528 259 734 361 nvsronrs.
853 314 856 321 ,
1105 260 1179 347 τοι,

69 421 323 508 ἀναφερόμενον
345 412 518 506 άντικρνς,
541 464 578 473 -—
602 428 694 490 τούτο
716 428 885 501 ἐιοπτικῶς
909 420 1055 509 ἐπιγνούς
1077 447 1180 490 σπου-

70 522 137 605 δήν
158 522 330 607 ἐποιήσατο
360 521 416 605 τήν
445 518 538 587 νόσον
567 525 692 609 ταύτην
719 522 762 599 ὥς
786 528 830 604 εἰς
852 522 956 606 δεινήν
979 523 1179 589 ἐλαύνουσαν

68 620 280 708 χαλεπότητα
302 626 428 705 στῆσαι,
452 627 507 687 κατ’
523 622 618 703 νόμον
638 628 826 707 ἀντιστῆσαι
848 624 957 711 ταύτῃ,
981 634 1045 699 τοῖς
1064 623 1182 691 ούτωσί

70 724 241 804 πάσχουσι
261 720 448 807 βοηθόνκαί
471 722 684 808 συλλήπτορα,
707 724 841 799 καὶτοῖς
863 729 1039 807 βασιλικοῖς
1062 719 1179 808 ὖτιηρέ.

30 836 57 887 5
72 845 149 895 ταις
174 826 229 885 κατ’
250 824 356 897 αύτοῖς
375 827 565 905 βασιλεύσιν
586 825 749 907 εἰσάγοντα
768 824 825 908 τήν
855 826 952 906 χάριν
976 826 1103 888 δικαίαν
1127 823 1181 889 καί

69 920 219 1002 ἔννομον,
239 925 295 987 καί
316 925 484 1008 φροντίδος
506 922 654 1009 τοιαύτης
677 926 796 1001 αύτούς
818 927 1101 1004 α’παλλάττουσαν,
1127 926 1182 988 καί

70 1019 135 1105 τήν
157 1021 400 1107 εὐγνωμοσύνην
424 1028 479 1089 καί
485 1027 673 1108 θεραπείαν
696 1031 925 1111 περιποιοῦσαν
946 1023 1181 1111 άπόρθητοντῷ

70 1122 192 1205 θάρρει
214 1127 273 1186 τοῦ
302 1125 522 1209 φυλάττεσθαι
547 1123 622 1201 τούς
643 1131 701 1191 τού
720 1112 878 1207 βασιλέως
908 1122 1111 1211 θεραπευτάς
1125 1122 1181 1191 καί

67 1219 157 1300 μετά
178 1220 324 1306 τελευτήν
357 1224 459 1287 αύτού
480 1222 583 1309 πάσης
613 1214 864 1306 δεισιδαιμονίας
892 1230 1014 1309 α’θιχεῖς
1036 1225 1089 1291 καί
1119 1251 1180 1290 κα-

8 1325 230 1395 1οκοποιιάς.
274 1317 350 1385 ὅθεν
372 1321 576 1406 πανταχόθεν
608 1330 653 1413 τῷ
674 1321 774 1390 πάθει
795 1326 893 1415 τούτῳ
924 1331 1099 1409 θεραπείαν
1121 1331 1180 1410 θη.

73 1418 230 1503 ροόμενος,
255 1423 373 1505 νεαρὰν
393 1429 584 1502 νομοθεσίαν
603 1428 749 1511 ἐκτίθησι
774 1430 950 1511 πρόρριζον·
967 1424 1209 1508 ἐκτέμνουοανλ.
1227 1439 1311 1496 2381.

71 1519 107 1584 τό
132 1526 302 1597 κακοθελές
323 1528 414 1588 τούτο
435 1527 490 1590 καί
511 1528 784 1609 παρανομώτατον
808 1529 1018 1613 ἐπιχείρημα,
1038 1527 1178 1614 ’φάμενος
1215 1531 1224 1541 ”

73 1617 124 1687 ότι
159 1625 286 1688 πάντων
318 1622 519 1689 άτοσάτατόν
544 1624 627 1691 ἐστιν
655 1629 694 1692 ἵν’
717 1624 746 1692 οἱ
768 1632 828 1707 μέν
851 1628 1054 1703 δουλεύοντες
1086 1630 1180 1694 ideoi-

71 1748 140 1810 sat,
163 1724 319 1809 α’γροίκοις
342 1723 487 1809 δηλονότι
512 1731 565 1790 καί
590 1734 734 1807 πολίταις
764 1734 819 1793 καί
842 1722 999 1813 άρχούσι,
1021 1722 1104 1821 μετά
1127 1754 1179 1796 τε·
1217 1782 1227 1803 ,.

16 1836 61 1891 15
72 1822 192 1907 λευτήν
213 1826 318 1889 αύττῦν
347 1826 488 1909 λεγάτοις
515 1834 665 1919 τιμῶνται
690 1833 745 1921 καί
765 1834 1002 1915 φιδικομίσσοις
1028 1830 1180 1916 κατ”πρε-

71 1929 212 2006 σβείοις,
247 1924 325 2019 ἔνιοι
358 1930 392 1990 δὲ
426 1927 480 1991 καί
510 1934 754 2012 κληρονομίαις,
783 1935 838 1995 καί
867 1931 947 2011 μετά
969 1934 1023 2015 τῆς
1058 1933 1180 2001 τούτων

73 2026 260 2113 προσθήκης
282 2027 380 2111 ἔχωσι
398 2028 454 2091 καί
472 2028 527 2104 τάς
549 2030 632 2104 ἰδίας
653 2030 780 2112 κτήσεις
802 2033 964 2115 άνωτέρας
985 2029 1100 2107 παντός
1122 2033 1180 2114 ζη-

69 2128 212 2208 τήματος
235 2132 289 2193 καί
311 2128 549 2213 προβλήματος,
573 2127 603 2194 οἱ
626 2134 661 2194 δέ
693 2136 755 2195 τιόν
777 2135 935 2212 βασιλέων
957 2134 1179 2217 θεραπευταί,

72 2219 121 2302 οἷς
139 2232 257 2307 μείζων
279 2229 295 2291 ό
315 2228 457 2310 κάματος
482 2235 537 2294 καί
564 2228 605 2295 τό
635 2228 901 2314 ούτοκροτορικόν
930 2232 1001 2305 δέος
1030 2234 1179 2317 διηνεκῶς

19 2344 62 2399 20
73 2334 290 2414 περιγίνεται,
321 2330 401 2414 πρός
422 2336 465 2420 τῷ
496 2333 551 2397 καί
568 2329 714 2416 τοιαύτης
750 2335 966 2397 ἐπιτελευτιόυ
995 2336 1179 2417 φιλοτιμίας

73 2436 129 2496 καί
149 2436 226 2497 τῶν·
235 2437 357 2498 οἰκείων
385 2435 621 2517 ἀποστερῶνται
644 2433 730 2517 παρά
753 2435 814 2497 ταῖν
833 2438 1002 2512 μετέπειτα
1023 2436 1179 2514 βασιλέων

71 2538 129 2598 καί
149 2536 211 2597 τοῖν
231 2533 352 2610 τούτοις
375 2527 624 2619 παρατυχόντων
647 2535 825 2626 ὑπηρετικόν,
853 2536 908 2598 καί
934 2534 977 2613 σός
1007 2535 1178 2617 κακούργει

71 2635 128 2698 καί
150 2635 340 2720 προσάντεις
360 2635 512 2713 οἷ’καλιός
535 2631 1045 2720 διακονήσαντεςα’πελαύνωνται
1072 2636 1178 2700 οἶκιάν

89 2879 94 2884 .
144 2798 179 2851 to
198 2796 330 2860 τοιαύτας
348 2798 378 2853 O.
476 2801 518 2854 22.
539 2797 752 2873 περιτυχόντων
771 2799 801 2854 G.

76 2975 177 3028 ponere
195 2960 268 3024 huic,
286 2962 327 3012 sic
345 2959 453 3013 afflictis
474 2960 602 3013 auxilium
624 2969 651 3012 et
669 2961 790 3026 socium,
811 2968 837 3012 et
856 2975 925 3030 quse
944 2961 1028 3029 regiis
1046 2963 1176 3015 ministris

77 3042 103 3085 et
123 3033 188 3100 ipsis
214 3032 323 3099 regibus
349 3033 492 3084 adduceret
517 3034 627 3102 gratiam
652 3034 747 3084 iustam
776 3040 802 3083 et
820 3031 967 3101 legitimam
992 3040 1018 3083 et
1045 3049 1108 3084 cura
1127 3033 1176 3084 tali

77 3119 123 3154 eos
147 3102 276 3154 liberaret
301 3111 327 3154 et
345 3104 443 3155 bonum
464 3105 579 3155 animum
608 3112 634 3154 et
661 3105 827 3155 curationem
858 3104 987 3154 excitaret
1005 3103 1175 3168 inturbatam,

77 3190 134 3226 cum
154 3174 318 3226 confiderent
332 3184 467 3227 servatum
485 3176 518 3226 iri
531 3177 605 3244 regis
619 3174 888 3241 ministrosvelpost
907 3174 1007 3225 obitum
1028 3175 1084 3226 eius
1104 3175 1176 3226 omui

77 3247 265 3312 superstitione
291 3248 404 3298 intactos
430 3255 456 3298 et
480 3247 592 3297 iniuria:
619 3247 689 3298 unde
714 3247 814 3314 ubique
840 3247 909 3296 malo
929 3245 991 3296 huic
1012 3246 1186 3298 curationem

77 3332 175 3370 venans
195 3333 293 3370 novam
311 3319 400 3386 legem
421 3319 484 3382 edit,
507 3333 575 3386 quae
595 3318 723 3368 radicitus
743 3317 878 3370 scinderet
897 3315 1059 3368 malevolum
1078 3316 1129 3366 boc
1149 3323 1177 3366 et

77 3391 275 3441 iniustissimum
294 3392 438 3456 inceptum,
458 3389 622 3441 contendens
642 3390 757 3439 omnium
777 3389 971 3454 ineptissimum
991 3403 1061 3451 esse,
1080 3401 1174 3440 servos

77 3462 194 3528 privatos
214 3463 358 3530 agrestium
378 3470 404 3512 et
423 3462 521 3513 civium
542 3468 569 3511 et
582 3460 677 3511 ducum
696 3468 757 3526 post
773 3460 874 3511 obitum
895 3474 985 3510 eorum
1004 3457 1102 3527 legatis
1121 3457 1173 3508 ho.

77 3533 163 3583 norari
183 3540 209 3582 et
226 3533 438 3584 fideicommissis
460 3541 486 3584 et
504 3534 580 3584 donis
603 3532 770 3596 honorariis,
799 3529 943 3582 nonnullos
965 3531 1043 3582 etiam
1062 3528 1173 3581 heredi.

77 3603 171 3654 tatibus
192 3611 296 3653 etcum
323 3604 416 3655 barum
444 3606 601 3655 accessione
626 3602 726 3655 habere
753 3603 968 3669 etiamprivatas
987 3601 1173 3668 possessiones

78 3674 227 3744 superiores
258 3677 328 3725 omui
348 3677 505 3743 quaestione
527 3683 554 3726 et
571 3675 779 3740 impedimento:
801 3681 893 3724 eontra
914 3688 1007 3741 regum
1027 3672 1172 3734 ministros,

78 3747 175 3814 quibus
188 3748 272 3796 maior
290 3745 366 3797 labor
385 3755 411 3797 ct
432 3747 601 3812 imperatoris
622 3755 708 3796 metus
726 3752 857 3810 perpetuo
879 3745 962 3808 adsit,
987 3751 1173 3811 praeterquam

79 3819 152 3869 etiam
170 3816 236 3869 talia
254 3818 288 3867 iis
308 3819 464 3885 contingant
481 3818 600 3867 defuncti
620 3817 704 3881 dona,
726 3817 804 3866 etiam
829 3816 883 3866 suis
902 3816 1003 3882 privari
1022 3831 1038 3878 a
1057 3813 1172 3881 posteris
1215 3819 1223 3840 ‘

77 3889 182 3958 regibus
200 3897 280 3956 atque
299 3904 389 3939 eorum
408 3889 546 3952 ministris,
566 3896 646 3954 atque
666 3895 694 3937 ut
723 3884 859 3937 maieficds
879 3893 906 3936 et
926 3886 1094 3938 adversarios
1114 3899 1171 3949 eos,

79 3962 120 4026 qui
139 3960 250 4027 pulchre
269 3960 444 4022 serviissent,
468 3959 568 4025 expelli
590 3957 710 4009 domibus
732 3965 758 4006 et
777 3956 902 4007 urbibus:
930 3964 1073 4023 propterea
1092 3958 1173 4009 etism

78 4031 161 4098 legem
189 4034 221 4083 de
241 4032 273 4082 iis
292 4033 415 4098 scripsit,
441 4046 510 4098 quae
529 4029 610 4080 talem
634 4029 773 4080 avaritiam
804 4035 831 4078 et
847 4028 1004 4093 pravitatem
1021 4028 1170 4095 impediret,

79 4109 107 4152 ut
123 4103 153 4153 ad
171 4118 261 4156 omues
282 4104 373 4170 regios
399 4101 522 4153 homiues
540 4108 692 4168 serpentem
718 4106 745 4149 et
769 4113 848 4165 reges
872 4099 1002 4150 servitute
1020 4102 1170 4166 privantem

79 4171 246 4243 plurimorum
266 4183 293 4226 et
311 4175 442 4228 bonorum
459 4175 595 4236 virorum,
620 4188 679 4223 cum
697 4171 823 4222 timerent
841 4169 963 4226 acerbam
983 4178 1010 4224 et
1022 4172 1174 4225 violentam
