2834 4750
272 255 344 326 1⁰2
548 253 771 323 motus
800 252 1060 320 ss'l'fflm'bb

269 419 415 501 Ἱκέτην
440 417 494 480 τὸν
528 416 695 498 Καίσαρα.
743 409 862 499 ἦρξατο
888 415 950 498 γὰρ
971 415 1086 478 αδτίκα
1112 413 1148 476 ἐν
1167 411 1288 485 ου’τοτς
1315 413 1373 480 τοϊς

267 523 438 593 πολιτικοῖς
459 519 654 601 διαταγμσι
672 517 728 582 καί
746 523 812 581 τοῖν
822 511 1069 599 περιτυχόντων
1088 511 1302 594 στρατιωτῶν
1316 514 1375 582 τοῖς

265 619 505 702 ἐπισημοτέροις
527 629 736 700 συνομιλεῖν,
763 624 821 682 καί
838 618 912 700 περὶ
940 617 1114 696 πολεμικῶν
1136 610 1274 693 α’γυδνανν
1298 614 1375 690 βου-

220 705 235 722 ’
265 720 440 798 λιέεσθαι,
473 725 529 784 καί
552 719 753 802 πρεσβευτὰς
772 714 970 798 ἑτοιμάζειν,
995 717 1051 778 καί
1077 713 1294 794 πανταχόθεν
1315 715 1376 781 τοῖς

266 819 420 893 ἐναντίοις
443 821 634 884 tun-tim
655 819 716 894 τα“;
734 818 924 902 πρισβνλιίς.
945 815 1000 879 διὰ
1020 812 1122 879 ταῦτά
1135 835 1186 876 τοι
1210 813 1271 874 καί
1289 805 1393 892 χρό-5

262 943 317 994 νος
336 911 406 984 οὖσι
425 921 546 1004 συχνὸς
567 926 703 1003 κατέσχε
719 927 832 987 τοῦτον
860 919 907 994 εἰς
925 917 965 981 τὰ
987 921 1150 997 βασίλεια,
1173 911 1264 976 ἀλλὰ
1288 907 1374 990 μετὰ

262 1019 368 1104 διττὴν
387 1027 557 1106 σεληναιάν
577 1023 724 1105 περίοδον
752 1022 773 1105 η’
797 1026 854 1104 τῆς
872 1015 954 1094 ἐόας
978 1019 1090 1082 τοῦτον
1116 1017 1252 1093 ἐδέξατο
1275 1016 1373 1095 Πρσ.

261 1127 379 1202 amic,
400 1121 455 1186 κατ’
474 1125 512 1185 τὸ
536 1123 729 1206 παρασημον
753 1126 809 1205 τῆς
829 1123 996 1204 βασιλικῆς
1023 1121 1137 1202 σκηνῆς
1157 1116 1263 1178 πᾶσιν
1287 1107 1374 1192 operi

261 1222 483 1304 παρεστήσατο
515 1219 571 1303 την
602 1225 757 1302 βασιλίδα
787 1219 864 1304 πρός
891 1220 949 1303 την
966 1215 1051 1283 ἓιυάν
1082 1218 1294 1298 ἐκστρατείαν
1320 1211 1373 1272 καί

261 1313 487 1405 ἆποροίτησιν,
512 1327 569 1386 κατ’
587 1323 605 1384 δ
630 1326 724 1405 ζῆλος
744 1329 799 1405 τῆς
811 1320 949 1396 ἐκδικίας
971 1322 1110 1402 νενίκηκε
1128 1312 1189 1398 την
1206 1313 1292 1378 κατὰ
1315 1310 1400 1392 τὴνίϋ

258 1421 411 1504 βασιλίδα
434 1422 562 1508 τριφην
584 1448 617 1489 τε
638 1428 694 1486 καί
706 1425 884 1507 θυμηδίαν,
905 1426 960 1485 καί
979 1419 1015 1484 τὸ
1028 1415 1108 1483 κατὰ
1128 1416 1186 1490 τὰς
1208 1415 1369 1499 προόδους

257 1525 374 1602 μέχρις
397 1522 536 1605 eriperer?
557 1523 685 1609 φθᾰζον
707 1530 796 1600 κλέος
819 1527 876 1586 καί
895 1520 1006 1597 πόνους
1027 1518 1149 1584 τούτων
1166 1519 1367 1580 ἀντικαταλ-

259 1621 420 1697 λαξιισθαι
442 1622 498 1687 τὸν
517 1627 696 1706 κρατοῦντα
717 1629 917 1707 παρέπεισεν.
941 1619 961 1686 ὃ
982 1622 1036 1684 καί
1049 1618 1167 1694 πάντας
1182 1620 1368 1702 κατέπληξε,

258 1718 480 1802 συμβαλόντας
493 1718 543 1788 ὅτι
554 1725 600 1798 εἰς
614 1723 649 1789 ul
665 1728 883 1807 διατάξασθαι
898 1725 996 1804 μόνον
1009 1722 1067 1805 την
1081 1724 1134 1805 τῆς
1153 1722 1364 1803 ἐκστρατείας

258 1823 464 1908 παρασκευὴν
487 1828 543 1890 καί
561 1826 741 1913 ἀποσκεσην
760 1831 835 1894 οὐδὲ
854 1829 953 1909 τριυῖν
975 1821 1058 1889 ὅλων
1071 1822 1231 1907 διάστημα
1256 1821 1398 1906 μηνῶνῑό

258 1925 393 2004 ἔξῦθϊῡῖ·
437 1924 455 1988 ὃ
478 1931 514 1992 δὲ
535 1931 690 2012 νεοπαγὴς
710 1928 844 2013 γεγονός
867 1929 905 1994 ια’
928 1950 962 1990 τε
983 1919 1065 1990 ἄλλα
1083 1922 1366 2007 καταστησάμενος

260 2015 309 2106 lb
332 2027 386 2090 ⁸⁰1⁸
406 2030 487 2110 πρὸς
509 2034 550 2115 τῇ
571 2033 733 2118 ἀποσκευῇ
762 2039 818 2094 καί
835 2024 1062 2115 στρατιωτικὸν
1091 2024 1126 2090 ἐκ
1149 2029 1205 2108 τῆς
1225 2017 1367 2107 ἑσπέρας

260 2125 316 2188 καί
333 2133 389 2209 τῆς
408 2131 471 2193 τῶν
484 2133 714 2220 Καππαδοκρῖν
729 2132 861 2218 φθάσας
882 2133 1138 2214 πρσσννελέξατο,
1160 2128 1215 2190 καί
1230 2121 1365 2196 Σκύθας

123 2225 501 2315 λ187τ.σννικαλέσατο,
525 2237 582 2296 καί
594 2233 654 2316 πρὸ
673 2238 729 2319 τῆς
751 2231 872 2298 τούτων
893 2232 1063 2315 ἐπιδημίας
1082 2225 1245 2310 μετὰτῶν
1272 2227 1308 2291 ἐν
1331 2226 1365 2310 τῇ

258 2321 412 2418 βασιλεία
438 2333 544 2412 μόνον
566 2333 662 2421 ,αὐλῇ
687 2338 742 2418 τῆς
761 2333 840 2399 idos·
861 2334 1042 2409 σπουδαίοις
1068 2329 1229 2417 ἐφήψατο.
1280 2328 1313 2391 εί
1333 2327 1397 2389 dell

259 2426 314 2491 καί
335 2430 434 2507 αίτὸς
452 2430 469 2497 ὁ
489 2434 588 2497 τοῦτο
610 2432 807 2520 συγγράφων
825 2438 888 2499 ταῖν
919 2439 953 2499 ἐκ
972 2437 1168 2516 προκρίσευς
1190 2429 1283 2517 αὐτῷ
1303 2451 1366 2492 συ-

258 2533 436 2609 νεπομένων
459 2532 646 2614 ἐτύγχανεν,
668 2536 726 2598 καί
754 2534 811 2612 τὰς
831 2538 891 2599 τοῦ
919 2535 1056 2618 στρατοῦ
1078 2531 1251 2597 duodenis
1279 2523 1366 2591 o‘no-

257 2860 399 2924 citiorem,
421 2874 480 2912 cunr
499 2862 611 2915 maxime
637 2864 778 2933 privignos
797 2863 897 2914 circum
916 2876 946 2914 sc
970 2861 1082 2914 baberet
1100 2856 1276 2912 consiliorum
1293 2871 1363 2924 pur.

255 2932 352 2998 ticipes
376 2931 437 2996 vel,
466 2940 494 2983 ut
523 2936 614 2986 verius
643 2936 743 2999 mcum,
771 2935 926 2986 insidiarum
945 2942 1069 2985 suctores
1089 2946 1201 2997 eumque
1213 2930 1251 2979 iis
1270 2944 1363 2980 ernn-

256 3001 345 3054 culum
358 3001 484 3056 losnncm
496 3007 645 3060 Gaesarem.
685 3008 775 3073 coepit
795 3007 864 3056 euim
884 3007 971 3057 stetim
988 3006 1016 3055 in
1035 3005 1101 3071 ipsis
1121 3001 1363 3053 constitutionibus

254 3072 369 3143 publicis
390 3078 468 3128 etism
490 3091 581 3130 eornm
602 3079 648 3147 qui
668 3079 779 3130 aderaut
794 3076 907 3127 militum
927 3074 1119 3129 illustrioribus
1137 3073 1224 3123 utiet
1238 3070 1275 3122 de
1296 3070 1362 3122 bel.

253 3144 315 3197 licis
336 3147 523 3201 certaminibus
543 3149 693 3202 deliberare
722 3158 749 3201 et
765 3147 870 3218 legatos
891 3149 1025 3199 instrucre
1044 3154 1072 3197 et
1098 3144 1215 3211 undique
1234 3142 1360 3195 hostibus

253 3218 383 3283 impedire
404 3220 581 3273 incursiones.
620 3230 765 3288 propterca
785 3220 864 3271 etiam
883 3226 987 3286 tempus
1005 3231 1059 3269 nou
1079 3218 1229 3270 diuturnum
1246 3215 1361 3266 retinuit

253 3289 324 3340 buno
342 3291 370 3341 iu
389 3291 479 3357 regie,
498 3292 545 3343 sed
567 3290 632 3358 post'
645 3291 760 3343 alterum
782 3291 862 3344 luune
889 3291 1027 3342 circuitum
1055 3288 1193 3341 orientalis
1214 3286 1359 3353 Propontis

253 3359 323 3410 bunc
344 3362 467 3428 excepit:
488 3370 514 3413 et
533 3362 661 3431 splendor
674 3364 744 3430 regii
756 3363 866 3415 tentorii
881 3361 1001 3413 omnibus
1020 3360 1098 3413 simul
1118 3360 1235 3413 ostendit
1253 3359 1359 3425 regiam

253 3431 285 3482 ud
304 3432 462 3484 orientalem
491 3434 688 3500 expeditionem
719 3444 746 3486 et
761 3436 830 3496 iter:
856 3440 936 3500 atque
963 3434 1077 3485 studium
1096 3432 1207 3483 ultionis
1226 3431 1295 3482 vicit
1312 3430 1358 3481 lu.

253 3502 354 3555 xurinm
375 3512 401 3555 ct
420 3505 603 3571 voluptatem,
629 3519 697 3572 quae
725 3513 815 3557 essent
841 3506 869 3555 iu
888 3506 979 3573 regini
1009 3512 1089 3573 etque
1114 3502 1218 3572 glorie,
1240 3502 1359 3569 quaein

253 3574 467 3642 expeditionibus
487 3591 572 3643 usque
592 3577 624 3627 ud
642 3576 748 3628 coelum
768 3577 873 3627 veniret
898 3576 1052 3644 imperatori
1075 3575 1208 3643 persuasit
1227 3580 1258 3624 ut
1277 3573 1357 3622 etiurn

250 3643 358 3697 lsbores
387 3646 480 3699 herum
507 3654 620 3698 mutaret
649 3662 694 3698 en:
721 3647 804 3715 quod'
817 3646 923 3714 quidem
948 3646 1071 3699 omnibus
1099 3652 1234 3712 stuporem
1261 3644 1358 3695 iniecit

161 3742 167 3755 .
251 3716 441 3783 cogitentibus,
462 3716 494 3769 od
514 3717 696 3769 instruendum
716 3718 801 3769 solum
822 3720 1001 3784 expeditionis
1019 3724 1174 3785 sppsrstum
1193 3723 1221 3767 et
1239 3715 1357 3781 impedi.

249 3792 338 3835 niente
355 3802 391 3837 ne
411 3790 489 3840 trium
509 3789 615 3857 quidem
634 3795 750 3840 totorum
768 3790 881 3855 spatium
893 3791 1021 3842 mensium
1037 3789 1178 3841 sulficere:
1197 3786 1247 3839 ille
1267 3794 1357 3837 sutem

250 3855 327 3906 modo
348 3858 465 3911 llrmntus
485 3868 511 3910 ct
533 3860 638 3927 relique
658 3859 839 3912 constituebat
864 3869 891 3911 et
909 3862 942 3913 nd
966 3861 1154 3927 impedimento
1172 3860 1252 3910 etium
1273 3873 1356 3908 exer.

250 3926 330 3977 citum
349 3943 382 3980 ex
401 3930 542 3982 occidente
569 3941 595 3985 et
612 3940 683 3983 terra
713 3932 897 4004 Cappadocum
917 3933 1044 3984 celeriter
1070 3932 1174 3999 delegit
1193 3940 1222 3983 et
1240 3928 1355 3994 Scythes

248 4002 506 4067 conscensumque
525 4012 586 4055 ante
606 4004 698 4056 borum
717 4005 859 4074 adveutum
877 4020 934 4055 cnm
953 4005 986 4054 iis
1001 4004 1067 4055 solis
1086 4006 1132 4071 qui
1151 4004 1179 4054 iu
1196 4002 1275 4069 regis
1293 3999 1354 4050 suls

254 4077 329 4121 erent
348 4070 398 4122 iter
420 4070 538 4123 studiose
560 4076 629 4127 iniit.
669 4090 727 4126 cum
747 4084 833 4126 nutem
854 4077 956 4142 etipse
975 4076 1019 4142 qui
1040 4074 1106 4126 haec
1123 4074 1217 4126 scribit
1236 4085 1356 4138 sequen.

254 4146 295 4195 tes
314 4154 344 4195 se
373 4156 405 4198 ex
432 4140 567 4199 electione
594 4145 721 4209 heberet,
749 4156 775 4199 et
800 4149 938 4213 proposito
957 4148 1090 4201 exercitus
1115 4145 1312 4198 administraret
1332 4141 1357 4191 lu
