2834 4750
496 237 704 317 moroan
816 224 820 229 '‘
1075 226 1157 323 aas
1197 231 1200 234 ’

28 431 97 489 ραν
117 403 186 490 γὰρ
210 409 314 472 έκεῖσε
337 409 505 495 κατέλαβε)
534 405 710 490 παννύχιος
730 411 827 475 πᾶσιν
849 412 962 493 ύμίλει
985 412 1042 479 καί
1061 437 1153 499 πορι-

27 511 149 591 χαρούς
164 510 390 594 προσεδέχετο,
412 511 468 573 καί
487 518 594 589 τιμαῖς
615 511 759 584 ολπλέτοις
780 510 836 574 καί
854 513 1050 595 χαρίσμασιν
1073 515 1154 581 οἰνα-

28 604 214 690 ριθμήτοις
237 605 356 681 αύτούς
377 604 506 687 ἐκόσμει
536 608 592 672 καί
611 605 883 691 κατελύμπρονεν.
926 606 992 675 εἶτα
1015 618 1152 696 πρωιαί-

29 729 127 789 τερον
150 706 211 790 τῆς
228 709 395 790 βασιλικῆς
417 707 495 783 νεύς
514 706 628 790 έπιβύς
641 706 723 771 arida)
739 711 796 791 τῆς
808 711 1037 795 βασιλευούσης
1057 711 1152 799 έξύρ.

5 812 21 863 5
29 830 128 891 μησε,
151 809 340 889 σαλπίγγων
370 809 425 872 καί
451 812 589 887 βυκίνων
611 806 819 893 περιηχήσεσι
848 808 903 873 καί
929 808 1052 894 κρότοις
1072 836 1154 893 κομι

30 906 147 989 βύλων
169 905 232 971 καί
253 915 375 993 φωναῖς
398 906 557 994 εύφήμοις
585 907 640 973 καί
659 911 904 993 μογαλοοργίαις
931 913 1074 993 α’πείροις
1097 908 1154 995 τη“ν

32 1010 304 1092 καταπληκτικαῖς
332 1002 577 1090 ἐνδεικνύμενος.
621 1010 641 1094 ἦ
675 1012 709 1073 δέ
730 1012 877 1075 θάλαττα
896 1018 984 1076 πᾶσα
1007 1010 1154 1077 κατἐτλεν-

32 1108 160 1191 δρούτο
187 1116 256 1183 τοῖς
284 1106 421 1195 πλοίοις,
443 1111 498 1174 καί
523 1107 667 1191 ἐμιμεῖτο
698 1108 797 1193 οἷγρὸν
829 1116 987 1186 παντοιόις
1011 1113 1154 1192 δένδροις
1163 1128 1183 1183 f.
1193 1127 1245 1187 227
1254 1145 1284 1185 v,

32 1212 216 1293 συνηρεφῆ
240 1206 430 1291 κατάκομον·
473 1213 591 1293 μέτρον
611 1208 673 1294 γὰρ
693 1211 756 1273 Χούκ
778 1203 818 1293 ἧν
839 1214 903 1273 τοῖν
925 1208 1154 1295 προύπαντοόν-

7 1316 97 1376 ὓτων
124 1310 222 1396 αύτῷ
245 1312 302 1373 καί
321 1310 379 1391 τη“ν
399 1310 561 1396 εύφημίαν
582 1309 816 1394 ύπεραιρύντων
844 1310 898 1374 καί
928 1306 1068 1399 ηἰύύντων
1084 1308 1154 1394 Ιτην

34 1412 100 1476 τῶν
122 1411 345 1493 ἐπιβατηρίων
363 1413 568 1501 χαρμόσυνον
594 1405 709 1494 ἑορτήν.
761 1412 879 1493 μικροῦ
899 1408 959 1510 γὰρ
981 1414 1043 1475 πᾶν
1064 1412 1152 1494 γένος

16 1509 230 1597 -οἷνθρούπων
251 1510 307 1601 καί
326 1510 432 1595 ἡλικία
455 1515 541 1575 πᾶσα
563 1516 695 1595 χορείας
719 1514 774 1574 καί
794 1512 986 1596 πανηγύρεις
1006 1508 1151 1594 ύμνοπύ.

34 1619 103 1677 λων
126 1608 318 1696 ἐστήσαντο,
341 1610 395 1675 καί
414 1609 565 1695 οἷπαρχύς
587 1615 643 1695 τῆς
662 1610 785 1676 έααιοῖν
806 1609 1007 1695 ἀνακλήσεως
1021 1614 1065 1698 τῷ
1086 1616 1151 1699 θεῷ

36 1715 262 1795 καθιέρωσαν.
304 1716 416 1810 τοῦτον
438 1710 493 1777 τόν
516 1712 632 1796 τρόπον
653 1717 750 1797 μέχρι
765 1717 828 1777 τῶν
850 1710 1030 1797 α’νακτόρων
1053 1708 1154 1777 πλεύ-

5 1827 116 1894 .5σας,
151 1813 210 1879 καί
230 1812 310 1877 κατὰ
333 1816 391 1896 γῆν
411 1814 532 1896 μείζονι
556 1817 595 1900 τῇ
615 1820 801 1902 φροκτωρίρ
832 1815 887 1877 καί
910 1814 955 1899 τηύ
976 1811 1153 1897 περιβοήτῳ

40 1912 195 1995 θαύματι
219 1912 274 1977 καί
295 1915 444 1997 κινήματι
474 1912 530 1978 καί
549 1922 614 1987 τοῖς
640 1916 807 1996 ἐγκωμίοις
829 1914 978 1977 ἁπάντων
996 1933 1154 1975 καταστε-

39 2019 150 2100 φθείς,
175 2014 286 2079 αύτούν
306 2010 462 2095 ἐπιβαίνει
486 2016 550 2077 τῶν
568 2013 754 2097 α’νακτόρων
783 2016 838 2077 καί
856 2009 890 2096 τό
911 2002 1154 2093 ύκρατονκρύ-

39 2137 92 2189 τος
112 2116 171 2197 τῆς
194 2114 360 2196 βασιλείας
380 2116 414 2177 έν
435 2109 556 2196 έξύχοις
576 2112 872 2197 τερατουργὴμασιν
894 2109 1089 2175 έπενδύεται.
1126 2144 1130 2153 ·
1152 2176 1156 2183 ,

151 2213 198 2282 Τό
231 2222 259 2281 d'
291 2216 352 2280 α’πύ
390 2217 484 2279 τούδε
516 2220 562 2289 τίς
582 2211 672 2298 λόγος
702 2212 855 2300 έκφρύσει
878 2216 931 2277 καί
953 2209 1152 2295 ύιηγήσεταις

5 2318 79 2384 tori
104 2321 140 2384 έν
163 2314 326 2401 οἶξιιύμασι
359 2323 413 2382 καί
421 2326 543 2406 ,τιμαῖς
564 2318 782 2400 περιβλέπτοις
813 2314 868 2378 καί
898 2318 1154 2399 μεγαλοπρεπέσι

44 2421 191 2505 διηνεκὲς
225 2421 281 2482 καί
313 2418 498 2500 οἷνένέοτον,
531 2420 586 2482 καί
613 2413 647 2480 τό
679 2418 713 2479 έν
744 2412 858 2498 διόροις
892 2413 946 2478 καί
973 2417 1155 2497 χαρίσμασι

45 2515 230 2609 ύπερφέρον
252 2524 307 2585 καί
324 2519 628 2603 ύπερεκχονύμενον,
654 2513 697 2591 ὦς
718 2517 813 2598 λῆρον
835 2511 918 2580 εἶναι
943 2512 996 2579 τόν
1010 2519 1155 2579 Πακτω-

45 2619 102 2687 λόν
127 2625 250 2688 ἐκεῖνον
271 2625 326 2687 καί
345 2622 581 2706 Χροσορρόαν,
602 2617 634 2682 ot·
649 2614 705 2706 τὴν
725 2618 788 2681 τοῖν
810 2619 932 2683 Λυδῶν
954 2619 1155 2699 παραρρέον·
1176 2599 1178 2606 ‚

122 2786 151 2840 6.
170 2771 236 2854 τόν]
256 2776 307 2851 slyr
325 2785 492 2855 παρουσίαν
509 2779 556 2834 vol
572 2777 624 2848 τὴν
642 2743 781 2836 sinodos?
853 2777 894 2830 18.
915 2777 1067 2834 ἐπετελέετο
1086 2775 1118 2832 0.

48 2967 147 3004 versus
168 2947 318 3017 contendit)
345 2961 394 3014 per
422 2953 503 2997 totam
520 2952 627 2996 noctem
647 2959 707 2995 cum
735 2940 855 3005 omnibus
874 2941 1031 2992 versabatur
1053 2954 1155 3008 eosque

49 3023 216 3076 hilarissime
235 3018 387 3086 excipiebat
408 3024 435 3068 et
457 3016 602 3068 honoribus
622 3013 774 3084 ingentibus
794 3021 820 3063 et
838 3012 931 3079 gratiis
949 3009 1154 3062 innumerabili.

47 3095 98 3148 bus
119 3109 167 3147 eos
188 3092 299 3144 ornabat
319 3098 346 3141 et
364 3087 530 3142 illustrabat:
556 3087 652 3140 deinde
676 3101 753 3138 mane
768 3083 869 3154 regiam
893 3097 988 3132 navem
1006 3081 1154 3138 ascendens

50 3167 140 3218 statim
170 3164 261 3216 urbem
281 3163 436 3224 contendit,
460 3160 582 3212 tubarum
610 3167 636 3210 et
652 3157 825 3209 buccinarum
853 3153 980 3220 clangore
1000 3159 1027 3202 et
1044 3151 1154 3218 planctu

51 3236 235 3304 cymbalorum
263 3243 290 3286 et
317 3232 430 3287 vocibus
455 3232 537 3300 gratis
564 3239 591 3281 et
623 3228 822 3296 magnificentia
846 3226 973 3275 immensa
998 3222 1155 3288 dignitatern

50 3309 132 3360 valde
152 3315 304 3360 ostentans:
331 3321 404 3358 mare
428 3311 515 3357 autem
535 3316 612 3353 omne
636 3309 665 3350 ut
692 3298 831 3350 arboribus
858 3294 1018 3347 densabatur
1038 3293 1174 3360 navigiis!

52 3380 253 3440 etimitahatur
271 3393 363 3446 agrum
381 3376 464 3428 variis
478 3373 617 3425 arboribus
630 3379 728 3424 tectum
749 3379 775 3421 et
789 3375 933 3421 comatum:
953 3373 1064 3416 metrum
1085 3363 1156 3414 enirn

51 3467 107 3503 non
128 3459 306 3513 mulsorum,
326 3450 372 3516 qui
391 3447 551 3500 obvenirent
579 3445 605 3494 ei
625 3451 651 3495 et
670 3441 838 3495 salutationis
866 3439 1008 3490 clamorem
1027 3433 1156 3487 tollerent

54 3532 81 3574 et
102 3529 231 3574 cancrent
249 3518 335 3571 bilai-e
354 3519 483 3570 adventus
498 3518 611 3568 festum:
630 3528 717 3581 paene
738 3513 807 3564 enim
820 3526 897 3562 omne
916 3523 1000 3577 genus
1020 3505 1156 3558 hominum

54 3602 82 3644 et
99 3600 175 3644 aetas
194 3591 279 3642 omnis
298 3589 395 3641 choros
416 3597 443 3639 ct
457 3589 602 3639 conciones
621 3586 733 3652 hymnos
758 3591 884 3636 canentes
904 3580 1108 3642 constituerunt,
1129 3582 1156 3627 ct

54 3665 186 3730 primitias
205 3676 270 3713 suae
288 3660 494 3712 renuntiationis
513 3659 563 3709 deo
582 3657 745 3708 dedicarunt.
784 3655 836 3706 hoc
854 3653 931 3705 modo
952 3665 1036 3718 usquc
1057 3649 1089 3700 ad
1107 3664 1155 3699 rc-

56 3737 127 3803 giam
144 3734 274 3801 navigans
295 3739 322 3782 et
342 3738 411 3781 terra
424 3731 526 3780 maiore
545 3729 643 3779 facium
655 3729 733 3794 signo
754 3733 780 3777 et
794 3726 867 3777 claro
886 3721 1015 3775 miraculo
1037 3728 1064 3771 ct
1081 3726 1156 3770 motu

57 3814 84 3856 et
100 3806 224 3864 laudibus
243 3802 360 3854 omnium
390 3806 531 3850 coronatus
549 3800 632 3865 ipsam
651 3799 753 3866 regiam
771 3797 909 3861 ascendit,
931 3803 957 3846 et
979 3793 1084 3861 plenam
1102 3805 1155 3858 po.

55 3879 166 3929 tentiam
184 3876 262 3944 regni
278 3871 432 3940 ingentibus
450 3870 580 3937 prodigiis
598 3869 691 3920 induit.
1123 3887 1125 3892 .

155 3965 195 4018 Ex
215 3977 247 4014 eo
267 3969 355 4013 autern
374 3967 495 4024 ternpore
516 3971 585 4024 quae
604 3957 690 4006 oratio
704 3955 837 4006 enarrabit
857 3963 883 4004 et
901 3955 972 4006 dicet
991 3954 1048 4004 eius
1066 3952 1094 4002 in
1113 3951 1156 4002 di.

56 4037 201 4103 gnitatihus
221 4041 247 4085 ct
265 4029 413 4084 honoribus
430 4027 580 4080 illustribus
599 4035 626 4077 et
641 4026 789 4093 magnificis
808 4021 991 4076 constantiam¹
1002 4032 1028 4074 ct
1044 4023 1156 4074 firmita-

58 4114 112 4157 tem
131 4117 157 4160 et
174 4110 203 4160 in
222 4107 299 4158 donis
319 4112 346 4156 et
364 4101 457 4172 gratiis
471 4100 607 4168 ingentem
628 4105 655 4148 et
674 4096 783 4148 ellusam
803 4096 1004 4146 rationemr‘ita
1022 4101 1051 4144 ut
1068 4108 1156 4162 nugae

57 4178 111 4230 sint
129 4177 253 4232 Pactolus
273 4177 322 4229 ille
342 4182 370 4227 et
387 4172 577 4241 Chrysorroas,
606 4169 653 4239 qui
669 4168 803 4236 Lydorum
820 4163 1042 4235 praeterfluentes
1059 4173 1157 4218 terram

112 4275 194 4330 ssot.
213 4274 295 4329 Atat
313 4271 381 4328 ilat.
756 4289 775 4356 ¹,
936 4260 969 4313 18
