2834 4750
468 266 682 402 'nuruum
873 387 886 407 f
1082 303 1129 376 οι

2 471 135 549 ιικοόν,
159 468 191 532 οἳ
206 464 262 550 τη“ν
278 464 419 550 Ἰβηρίαν
444 472 498 533 καί
518 472 771 554 Μεσοποταμίαν
792 480 848 540 καί
862 469 939 559 ἄχρι
957 480 1134 544 Λυκανδού

2 568 74 630 cac*
95 569 283 650 Μελιτηνῆς
301 571 356 632 κατ’
375 573 437 632 τοῖν
457 575 701 654 παρακειμένων
723 576 863 641 οἰκοῦσιν
888 579 1058 662 Ἀρμένιοι,
1082 583 1136 642 καί

2 665 37 730 οἱ
67 665 138 749 τῆν
161 664 337 750 ’luctatum
353 672 412 732 τού
422 673 598 754 Νεστοριόυ
622 673 675 736 κατ’
696 672 752 757 την
771 680 833 740 τῶν
859 670 1029 762 ἇκεφύλων
1050 683 1134 764 θρη-

2 766 1135 862 ωωωὼωωψμωωωμψψωωμ

2 869 223 943 κακοδοξίας.
275 866 355 933 duda
391 871 426 967 dd
448 897 499 935 και
532 875 592 935 τοῖν
594 869 843 956 σ’ρθοδόξων“
822 893 929 958 ηψαιο
962 874 996 941 τύ
1018 880 1134 959 δεινόν,

2 970 58 1044 εἰς
91 965 285 1051 α’μηχανιαν
306 959 387 1051 ἦσαν
411 973 525 1047 πάντες
549 972 577 1036 οἱ
596 999 634 1036 τα
653 970 820 1055 Ῥωμαίων
842 974 1081 1061 θρησκεύοντες.

120 1061 230 1148 Ὅμως
253 1071 283 1132 d'
303 1061 359 1134 σύν
381 1071 553 1138 ἀνίσταταί
570 1099 618 1149 τις
649 1075 714 1138 τῶν
735 1077 953 1160 είπατριιλτύν,
971 1076 1135 1160 Ῥωμανός

2 1172 225 1255 βεστύρχης;
265 1163 344 1259 pind
380 1175 507 1256 έπίιιλην
528 1175 691 1258 Διογένης.
724 1167 827 1250 ὀὗτος
858 1176 920 1259 γὰρ
942 1180 999 1243 καί
1021 1179 1135 1263 πρύτε-

2 1294 78 1354 ρον
107 1273 169 1351 μὲν
198 1269 282 1354 ὅροῖν
310 1274 344 1336 ἐκ
367 1275 422 1355 τῆς
442 1276 502 1337 τοῖν
525 1274 727 1357 κρατούντων
755 1275 858 1351 αἰτίας
880 1275 936 1341 καί
963 1279 1027 1342 τιύν
1051 1281 1134 1344 έκεῖ-

2 1377 80 1436 θεν
112 1368 342 1456 ύστερημοῖτων
364 1372 631 1456 ἀναπληρούμενα
661 1377 724 1438 τῶν
747 1373 874 1462 έχβρων
903 1374 942 1442 τύ
967 1380 1135 1461 θελήματα

4 1497 73 1536 και
111 1472 271 1553 μεγάλους
309 1474 491 1555 γινομένους
527 1482 595 1547 ταῖς
629 1477 845 1558 μικρολογιίιις
878 1480 939 1541 τῶν
958 1478 1134 1561 Ῥωμαίων,

7 1575 195 1637 ἐποτνιᾶτο
211 1598 263 1636 και
258 1567 434 1656 ἤσχαλλε,
454 1578 509 1638 καί
529 1571 724 1640 αποστασίαν
744 1581 803 1658 μὲν
819 1570 943 1659 ὤδινεν,
964 1583 1020 1644 ούιι
1042 1579 1137 1664 ἔρωτι

4 1675 100 1755 μέν,
126 1673 169 1746 αἱς
191 1671 451 1755 διεβεβαιοῦτσ“
430 1697 581 1756 υστερον,
604 1679 658 1738 κατ’
683 1676 856 1742 ἀπολαύσει
880 1681 944 1743 τοῖν
966 1683 1136 1762 ἐξαιρέτως
1186 1683 1190 1698 ’

9 1775 139 1856 αὐτῆς,
165 1773 233 1837 ἀλλ’
257 1773 300 1848 ὥς
322 1773 378 1848 τοὶς
399 1776 500 1857 τύχας
517 1774 701 1860 α’νορβιύσαι
719 1779 781 1839 τῶν
805 1771 865 1861 ἤδη
882 1779 1038 1843 πεσόντων
1055 1779 1136 1843 Ῥω-

8 1873 148 1955 μαίων,
172 1867 222 1938 ἶίτι
245 1871 288 1958 μη
312 1871 393 1938 κατὰ
417 1872 508 1956 λόγον
534 1869 599 1956 εἶχε
621 1876 660 1938 τύ
683 1875 865 1959 πράγματα.
909 1881 1135 1958 ε’μπιστευθείς

13 1968 83 2037 οὖν
109 1975 165 2040 έπί
185 1979 267 2040 τέλει
288 1979 345 2038 τοῦ
365 1977 523 2056 βασιλέως
538 1977 595 2040 τού
611 1972 721 2042 Δούιια
741 1975 803 2060 την
819 1980 873 2061 τῆς
894 1980 1052 2061 Σαρδιιιῆς
1075 1981 1137 2061 α’ρ-

13 2074 105 2157 χήν,
127 2063 340 2156 ἐβουλεύσατο
362 2071 437 2150 τούς
459 2074 674 2158 Σαυρομάτας
697 2080 940 2159 προσλαβέσθαι
964 2075 1136 2162 συνεργούς

15 2182 71 2252 εἰς
104 2171 141 2239 τὸ
176 2171 394 2255 μελετιύμενον
423 2175 545 2251 καλεῖς
568 2181 727 2258 προῦπτον
759 2172 835 2240 αύτό
867 2176 1004 2259 α’γαγεῖν.
1048 2179 1137 2241 ε’πεί-

15 2283 125 2344 θοντο
148 2273 209 2358 γύρ
233 2277 344 2338 ἐκεῖνοι
370 2278 413 2362 τῷ
436 2275 532 2357 ιίνδρί
551 2274 650 2363 τούτῳ
678 2273 733 2340 did
756 2275 790 2340 τὸ
815 2279 849 2340 έκ
879 2280 932 2360 τῆς
953 2275 1135 2359 α’γχιθύρου

3 2381 224 2464 ιστρατηγιάς
245 2375 571 2461 προεπιγινούσκεσθαι
595 2380 706 2443 τούτου
730 2376 958 2459 αύτοῖς,,ὅπύτε
979 2382 1042 2443 τοῖν
1064 2382 1139 2462 περί

19 2479 85 2545 τὸν
108 2472 235 2563 Ἴστρον
256 2470 364 2561 ἅρχων
399 2479 518 2541 πόλεων
538 2480 660 2556 τούτοις
689 2482 920 2563 α’νιειισλέμησε
951 2481 1005 2544 καί
1026 2487 1133 2545 πεσεῖν
1145 2486 1164 2539 i.
1186 2482 1283 2542 186’τ.

21 2578 318 2662 έκινδύνευσεν,,εἶ
343 2578 388 2662 μη“
411 2581 546 2657 έξειλετο
566 2582 678 2644 τούτου
701 2579 946 2669 ἀκαταγωνιλιτηι
974 2576 1061 2669 ῥύμη
1084 2583 1139 2645 καί

23 2680 126 2769 ῥιύμη
150 2680 337 2767 Νικηφόρος
366 2679 540 2765 μύγισιρος
561 2681 578 2744 ὅ
600 2679 826 2766 Βοτανειιίτης·
876 2685 968 2748 τοῦτο
989 2680 1050 2767 γύρ
1076 2679 1136 2767 έγολ

42 2914 53 2924 ·
105 2852 148 2905 13.
168 2851 233 2923 μὲν]
253 2851 308 2923 μὲν
324 2848 489 2919 punimus?
582 2819 741 2921 Ιἓξαιρίιισιι
760 2835 903 2920 interpret.

29 3008 171 3060 iecturnm'
184 3008 224 3057 ira
244 3013 336 3058 contra
355 3006 516 3071 haereticos,
536 3008 581 3074 qni
599 3006 713 3059 iberiam
734 3014 760 3057 et
779 3008 994 3074 Mesopotamiam
1007 3014 1033 3057 et
1050 3022 1136 3074 unque

28 3080 62 3130 ad
89 3078 242 3144 Lycandum
269 3086 295 3129 ct
318 3077 470 3131 Melitenam
496 3085 523 3129 et
547 3078 695 3130 adiacentia
723 3076 786 3128 ioca
803 3078 942 3140 incolunt,
970 3078 1090 3129 Armenii
1110 3085 1137 3127 et

31 3152 77 3217 qui
110 3150 240 3200 iudaicam
265 3148 382 3201 Nestorii
412 3157 438 3200 et
457 3150 537 3216 capiti
566 3148 763 3217 (patriarchae)
785 3147 995 3199 inobedientium
1015 3147 1136 3198 colentes

31 3220 175 3272 haeresim.
214 3220 311 3271 etenim
330 3219 409 3285 plena
423 3229 484 3272 aunt
500 3220 561 3271 loca
579 3220 626 3271 tali
646 3219 715 3270 falsa
728 3219 787 3270 fide.
826 3220 930 3286 quando
948 3226 1037 3269 autam
1057 3220 1136 3269 etiam

32 3292 197 3343 orthodoxos
224 3292 314 3360 tetigit
332 3292 498 3357 periculum,
528 3294 556 3342 in
583 3287 741 3343 difficultate
768 3299 844 3341 erant
862 3305 954 3341 omnen
975 3290 1137 3343 Graecorum

33 3362 112 3414 iidem
132 3361 261 3414 colentes

142 3433 237 3485 Tamen
264 3435 345 3501 igitur
377 3437 462 3502 surgit
482 3436 586 3518 quidam
604 3420 734 3486 ncbilium
755 3433 871 3487 Graecus
891 3433 1135 3500 protovestiarius,

35 3507 78 3555 cui
97 3520 194 3556 nomen
214 3504 366 3573 Diogenis.
386 3506 430 3555 hic
451 3508 519 3557 enim
540 3508 618 3557 etiam
637 3514 715 3557 antea
729 3506 822 3557 videns
848 3508 1036 3572 imperatorum
1057 3502 1136 3568 culpa

37 3577 143 3627 atinde
163 3576 264 3627 effectis
284 3578 414 3644 angustiis
434 3586 542 3643 peracta
561 3578 676 3628 hostium
697 3576 811 3628 consilia
825 3586 971 3644 etmagnos
984 3589 1030 3625 οοε
1050 3574 1136 3625 iactos

36 3648 195 3719 parsimonia
219 3650 398 3709 Graecorum,
427 3662 508 3714 aegra
529 3648 633 3699 ferebat
652 3657 678 3698 et
697 3648 884 3716 indignabatur
905 3655 931 3697 et
956 3645 1135 3697 deiectionem

36 3713 208 3769 meditabatur
231 3734 284 3769 non
312 3719 455 3785 cupiditate
485 3720 590 3785 quidem
617 3727 645 3769 ut
674 3719 822 3771 affirmabat
850 3726 966 3783 postea,
994 3723 1021 3765 et
1047 3715 1135 3765 fructu

39 3790 231 3841 commodorum
252 3791 319 3854 eius,
340 3791 386 3841 scd
406 3798 434 3839 ut
454 3789 571 3840 fortunas
594 3791 750 3841 restitueret
769 3790 944 3840 cadentium'
937 3802 990 3837 ram
1015 3784 1135 3839 Gracco-

37 3874 112 3923 rum‚
133 3876 191 3911 cum
209 3876 263 3911 uun
282 3862 427 3914 secundum
446 3862 575 3911 rationem
595 3878 625 3911 se
645 3860 776 3911 haberent
794 3875 846 3911 res.
886 3875 960 3908 cum
952 3859 1052 3926 igitur
1071 3874 1134 3911 crc-

39 3930 91 3981 dita
109 3940 179 3983 esset
198 3933 223 3982 ei
243 3934 355 3999 imperio
375 3934 447 3999 regis
468 3932 559 3983 Ιλιιιιιο
579 3932 681 3983 sardica
701 3932 834 3997 satrapiae,
854 3931 946 3980 statuit
966 3930 1134 3983 Sauromatae

39 4004 158 4068 accipere
184 4006 274 4055 accius
301 4003 333 4054 ad
359 4002 500 4054 consilium
528 4011 554 4052 ct
574 4004 601 4061 ip
621 4002 789 4052 manifestum
808 4001 832 4051 id
851 4000 1013 4084 'producere
1052 4017 1134 4068 pare.

39 4070 101 4123 bant
124 4075 191 4124 enim
217 4074 258 4125 illi
278 4076 337 4125 viro
359 4075 439 4137 huic,
462 4074 524 4141 quia
542 4073 632 4124 vicino
655 4073 767 4138 imperio
787 4070 856 4121 hic'
850 4074 882 4123 ιίε
903 4082 981 4124 antea
1000 4082 1134 4140 spectatus

42 4153 109 4207 erat,
134 4148 191 4195 eum
217 4147 342 4212 princeps
364 4145 468 4197 urbium
488 4146 559 4195 circa
577 4144 672 4195 latrum
693 4144 801 4195 citarum
821 4142 862 4195 hia
880 4138 980 4195 b'ellum
1007 4145 1134 4208 inferret,

43 4222 67 4264 et
84 4216 176 4267 cadere
194 4216 408 4283 periclitaretur,
433 4218 486 4269 nisi
512 4216 654 4269 exemisset
673 4214 743 4268 hunc
765 4216 865 4284 impetu
884 4225 911 4267 et
930 4216 1028 4269 robure
1051 4215 1133 4269 Nice

29 4348 32 4360 ι
95 4312 172 4366 λίίολ.
190 4311 272 4364 Arent.
294 4312 359 4369 flat.
929 4312 944 4366 7
