2834 4750
200 262 280 345 m
488 264 1000 337 ammonitionis

199 536 262 599 τόν
282 529 373 598 ίδίοιν
393 534 558 607 πλείστους
579 523 675 606 ὅσους
697 528 880 614 ίποβαλύν,
903 532 959 597 καί
977 535 1099 615 μᾶλλον
1122 534 1186 597 τάν
1199 532 1321 618 Φρύγ-

199 657 276 716 γονν,
295 634 351 698 καί
372 628 468 708 αύτάς
498 632 580 697 κατά
611 630 782 716 πρόσωπον
814 636 859 720 τῷ
887 636 982 698 δουκί
1014 633 1226 717 α’ντιταχθείς
1265 640 1322 700 καί

200 739 277 816 παρ’
299 733 403 797 αύτού
427 735 680 817 καταπονηθείς,
701 737 748 809 εἰς
776 733 834 817 τήν
863 738 920 819 τής
944 735 1182 819 Θεσσαλονίκης
1216 737 1319 819 ύκρό.

199 840 290 901 πολιν
311 837 534 922 διαπέφευγεν,
557 827 699 914 οίάμενος
722 838 766 923 τρῖ
782 838 842 899 τού
864 842 1022 923 φρουρίου
1045 837 1342 920 περιτειχίσματιη

94 958 106 983 ⁸
201 938 312 1019 κάρδος
330 960 360 1002 τι
383 932 486 1024 ἑαυτῷ
505 932 779 1020 περιποιήσασθαι
800 942 857 1003 καί
874 936 1054 1021 άνάκτησιν.
1088 933 1191 1003 -ὅιδὲ
1212 943 1319 1019 σέβα-
1396 972 1397 983 ¹

200 1033 276 1112 στάς
303 1038 404 1121 μηδὲν
435 1030 517 1112 ύλας
545 1033 706 1118 μελλήσας
736 1036 792 1120 τήν
821 1030 940 1102 άλιοσιν
970 1041 1029 1100 τού
1059 1037 1225 1123 φρουρίου
1253 1048 1316 1113 τοῖς
1396 1040 1397 1087 i

202 1137 284 1221 ἄμφ’
304 1132 402 1201 αύτάν
418 1138 654 1218 προετρέψατο·
698 1138 728 1201 οἱ
751 1138 787 1201 δὲ
806 1134 987 1219 προσβολάς
1009 1140 1146 1223 ἐνεργοῖς
1169 1134 1319 1221 ποιησά-

201 1258 302 1319 μενοι,
326 1234 382 1301 καί
401 1235 477 1312 τούς
497 1233 589 1301 ἔνδον
607 1238 837 1322 Θεσσαλονίκης
859 1238 1149 1324 συμφρονήσαντας
1175 1238 1318 1321 ἔχοντες,

203 1334 287 1420 ταχύ
317 1336 434 1403 τούτου
455 1342 667 1420 περιεγίνοντο
695 1336 752 1403 καί
781 1343 837 1421 τῆς
864 1340 1070 1423 ,ζάκρονιὸλεοος
1101 1342 1317 1423 ἐκυρίευσαν.
1329 1366 1355 1419 ιη

203 1437 258 1504 ταί
276 1435 484 1521 κατασχεθεὶς
508 1428 601 1513 οὗτος
622 1442 678 1503 καί
695 1442 940 1524 σιδηροδὲσμιος
954 1439 1087 1522 γεγονώς
1104 1441 1162 1505 καί
1185 1445 1230 1528 τῷ
1254 1445 1317 1506 τάν
1396 1456 1397 1525 i

202 1537 366 1622 τυράννοιν
399 1537 485 1626 υάμφ
515 1540 717 1621 κατάκριτος,
748 1534 910 1627 ἀπεστάλη
936 1543 978 1629 τιή
1005 1545 1136 1620 βασιλεῖ
1169 1542 1226 1605 διά
1252 1547 1317 1608 τοῖν
1396 1530 1397 1625 l

202 1643 363 1725 δημοσίων
379 1643 484 1719 ἵππιον
512 1642 698 1723 φερόμενος.
743 1645 797 1726 τής
817 1644 845 1707 δ’
872 1644 1019 1726 άγγελίας
1039 1638 1161 1726 ταύτης
1186 1666 1317 1727 προκα.

202 1740 403 1827 ταλαβούσης
427 1738 486 1815 τάς
505 1737 674 1823 βασιλικάς
697 1741 810 1823 α’κοάς,
831 1741 1018 1826 πρόσταγμα
1045 1746 1150 1826 γε’γονε
1173 1742 1238 1821 τάς
1262 1747 1318 1809 κά-

202 1864 262 1928 ρας
281 1836 506 1929 ἐκκεντηθήνυι
534 1843 597 1905 τῶν
625 1835 845 1909 άποστατικιῦυ
873 1845 1060 1929 ὀφθαλμῶν.
1110 1848 1169 1909 καί
1190 1845 1315 1911 τούτου
1328 1870 1353 1923 15

201 1945 368 2025 γινομένου
391 1947 463 2008 καθ’
485 1940 525 2031 ήυ
544 1941 714 2027 συνήντησα
737 1941 886 2027 πάροδον,
907 1936 987 2029 ήλθε
1008 1926 1187 2029 δίὀἷμάξης
1210 1950 1314 2011 ε’λεει.

202 2041 256 2117 νύς
279 2039 398 2129 φόρτος
426 2048 483 2111 καί
512 2048 670 2128 δυστυχὲς
700 2046 903 2128 καταγώγιον.
955 2043 990 2111 αἱ
1011 2047 1046 2109 δὲ
1068 2050 1127 2110 τού
1147 2049 1312 2127 βασιλέως
1396 2046 1397 2067 l

201 2142 281 2228 πρδς
302 2143 337 2209 τά
357 2150 445 2211 θεῖον
473 2146 677 2232 εύχαριστίαι
711 2144 767 2209 καί
788 2149 867 2232 πρὸς
889 2144 962 2223 τούς
989 2145 1150 2233 ύπηκόους
1173 2147 1313 2233 εύεργε-
1396 2178 1397 2227 ;

200 2244 271 2311 σίαι
293 2243 349 2309 καί
366 2249 555 2331 πανημέριοι
570 2250 749 2333 φιλοτιμίαι
767 2243 801 2311 τὸ
824 2248 989 2314 ιίνίυδοτον
1006 2240 1092 2329 εἶχον
1112 2246 1165 2312 δεῖ
1189 2252 1250 2313 καί
1268 2249 1312 2325 οὖς

201 2343 255 2413 διά
275 2350 416 2428 πρανούς
436 2349 605 2432 διεχέοντο.
1319 2383 1349 2437 2⁰

298 2445 347 2514 Ἔν
368 2437 393 2536 ᾧ
415 2451 452 2514 δὲ
475 2446 512 2514 τά
536 2451 760 2533 στρατεύματα
781 2453 814 2515 ἒν
833 2453 1051 2540 Θεσσαλονίκη
1073 2455 1308 2536 διεκαρτέρουν,

202 2547 327 2620 Σκύθαι
340 2553 397 2634 τῆς
410 2548 545 2636 ἐρημίας
558 2549 680 2616 τούτων
693 2550 737 2626 οἷς
757 2549 892 2636 ὲρμαίου
910 2550 1102 2635 δραξάμενοι
1115 2554 1155 2640 τῇ
1178 2553 1309 2637 Ἀδρια-

201 2646 350 2718 νουπάλει
372 2654 604 2735 προσήγγισαν,
628 2651 684 2717 καί
703 2661 769 2730 τοῖς
797 2650 881 2728 ἐκτὸς
911 2656 969 2717 τοῦ
990 2653 1114 2736 τείχους
1137 2652 1308 2737 οἰκήμασιν

204 2741 441 2834 δοιρράξαντες,
465 2751 753 2839 παραβοηθούντων
777 2752 886 2832 αύτοῖς
908 2755 964 2822 καί
982 2753 1047 2818 α’πὸ
1069 2756 1126 2820 τοῦ
1147 2777 1305 2838 μαχιμω-

206 3033 332 3088 ahorrans
353 3042 442 3088 autem
461 3035 604 3089 aconsiiio
624 3035 792 3090 adversarius
809 3036 838 3088 in
853 3035 955 3088 bellum
972 3035 1091 3106 difficilest
1102 3034 1208 3100 incidit,
1228 3043 1306 3105 atque

204 3107 330 3161 devictus
350 3115 377 3158 et
394 3122 502 3161 suorum
521 3108 650 3176 plurimos
662 3111 785 3162 amittens
807 3110 947 3177 magisque
966 3109 1137 3171 Francorum,
1156 3107 1262 3174 etipse
1281 3110 1306 3158 in

206 3187 379 3246 conspectam
398 3181 459 3231 duci
478 3183 618 3247 oppositus
636 3189 663 3231 et
681 3181 715 3232 ah
735 3195 767 3230 eo
787 3181 926 3232 coniectus
945 3183 972 3231 in
992 3180 1202 3232 Thessalonicae
1219 3194 1305 3230 arcem

207 3250 338 3320 confugit,
358 3258 451 3318 putans
472 3251 576 3305 castelli
595 3253 677 3302 muris
695 3252 798 3304 lucrum
818 3251 869 3303 sibi
889 3251 1035 3303 conciliare
1057 3257 1083 3300 et
1101 3251 1304 3302 recreationem.

204 3323 343 3391 Augustus
362 3330 449 3374 autem
462 3322 530 3374 nihil
550 3323 657 3374 omnino
678 3339 773 3375 curans
793 3323 997 3388 occupationem
1019 3321 1124 3373 castelli
1144 3323 1200 3373 suis
1219 3323 1305 3389 impo.
1396 3383 1397 3386 ρ

205 3395 276 3446 suit:
304 3393 440 3445 hiantem
457 3394 593 3446 machinas
621 3395 746 3448 efficaces
772 3389 901 3446 iacientes
929 3403 955 3446 et
976 3393 1079 3446 incolas
1103 3392 1305 3446 Thessalonicen
1396 3389 1397 3398 ’

204 3464 257 3517 sihi
276 3464 434 3519 conciliatos
454 3465 582 3524 habentes
604 3465 731 3517 celeriter
750 3465 800 3518 hoc
814 3467 966 3532 superiores
986 3463 1084 3516 fiebant
1104 3473 1131 3515 et
1148 3480 1212 3515 arce
1232 3465 1306 3532 potiti
1396 3479 1397 3502 ι

204 3546 281 3594 suat:
302 3547 382 3606 atquc
403 3545 495 3604 captus
517 3537 561 3589 hic
582 3546 608 3590 et
627 3539 733 3590 vinctus
749 3547 775 3589 et
793 3546 965 3604 tyrannorum
979 3537 1042 3604 lege
1057 3537 1194 3588 damnatus
1214 3538 1305 3588 missus

206 3617 248 3662 est
266 3609 298 3661 ad
317 3624 419 3677 regem,
439 3609 555 3675 publicis
574 3611 649 3678 equis
669 3619 754 3662 actus.
791 3610 883 3661 nuntio
903 3618 990 3660 autem
1006 3607 1058 3658 hoc
1078 3605 1218 3660 obtinente
1236 3609 1304 3675 regis
1396 3605 1397 3642 ἒ

205 3697 295 3747 aures,
314 3682 413 3734 iussum
434 3681 531 3733 editum
552 3689 601 3746 est,
622 3689 651 3732 ut
669 3680 789 3749 pupillae
800 3689 984 3748 pungerentur
996 3677 1134 3730 oculorum
1155 3687 1302 3746 apostatae:

205 3759 286 3822 atque
305 3752 357 3804 hoc
377 3752 447 3805 iacto
466 3752 511 3804 ubi
530 3754 557 3804 ia
576 3754 674 3804 itinere
694 3755 719 3803 ei
738 3753 842 3805 obviam
856 3761 998 3815 venerunt,
1016 3750 1127 3802 advenit
1145 3766 1235 3814 curru,
1257 3752 1304 3801 mi.

207 3839 294 3876 aarum
315 3839 382 3876 onus
402 3832 429 3876 et
448 3822 545 3876 inlelix
563 3825 757 3877 diversorium:
783 3825 855 3892 regis
879 3831 966 3876 autem
987 3825 1014 3874 in
1034 3822 1111 3873 deum
1130 3823 1218 3888 gratia
1236 3830 1263 3873 ot
1280 3823 1304 3872 in

205 3894 340 3954 subiectos
359 3895 491 3949 beneficia
514 3903 541 3948 et
559 3896 669 3948 diurnae
689 3895 848 3966 largitiones
867 3910 1000 3963 nunquam
1019 3895 1204 3947 remissionem
1224 3892 1303 3945 hahe-

204 3964 278 4029 baut,
300 3973 326 4018 ct
345 3968 372 4016 in
391 3982 521 4035 praeceps
542 3966 752 4020 effundebantur.

306 4052 373 4105 lium
402 4064 490 4107 autem
510 4057 644 4108 exercitus
671 4055 877 4110 Thessalonicae
896 4063 1053 4119 versantur,
1075 4052 1191 4118 Scythae
1212 4051 1306 4106 solita.

211 4125 303 4179 clinem
328 4139 418 4181 aarum
446 4125 522 4178 lucro
550 4126 718 4195 apponentes
742 4129 918 4196 Adrianopoli
947 4127 1210 4196 appropinquarunt,
1234 4131 1308 4192 atque
1396 4159 1397 4196 η

214 4195 406 4256 extramoenia
424 4197 546 4251 aedilicia
564 4201 685 4270 aggressi
705 4199 895 4256 auxiliantibus
914 4201 947 4254 iis
969 4201 1046 4251 etiarn
1065 4213 1098 4250 ex
1115 4197 1308 4267 pugnacissime
1396 4247 1397 4254 ,
