<?xml version="1.0" encoding="UTF-8"?>
<!DOCTYPE html PUBLIC "-//W3C//DTD XHTML 1.0 Transitional//EN"
    "http://www.w3.org/TR/xhtml1/DTD/xhtml1-transitional.dtd">
<html xmlns="http://www.w3.org/1999/xhtml" xml:lang="en" lang="en">
 <head>
  <title>
</title>
<meta http-equiv="Content-Type" content="text/html;charset=utf-8" />
  <meta name='ocr-system' content='tesseract 3.04.00' />
  <meta name='ocr-capabilities' content='ocr_page ocr_carea ocr_par ocr_line ocrx_word'/>
</head>
<body>
  <div class='ocr_page' id='page_1' title='image "./corpusscriptoru24theogoog/corpusscriptoru24theogoog_0092.png"; bbox 0 0 2834 4750; ppageno 0'>
   <div class='ocr_carea' id='block_1_1' title="bbox 244 249 1046 380">
    <p class='ocr_par' dir='ltr' id='par_1_1' title="bbox 244 249 1046 380">
     <span class='ocr_line' id='line_1_1' title="bbox 244 249 1046 380; baseline 0 -12"><span class='ocrx_word' id='word_1_1' title='bbox 244 295 294 368; x_wconf 83' lang='lat' dir='ltr'><strong><em>oe</em></strong></span> <span class='ocrx_word' id='word_1_2' title='bbox 344 307 347 314; x_wconf 49' lang='lat'><strong><em>¹</em></strong></span> <span class='ocrx_word' id='word_1_3' title='bbox 535 249 755 380; x_wconf 78' lang='lat' dir='ltr'><strong>menaeus</strong></span> <span class='ocrx_word' id='word_1_4' title='bbox 785 297 1046 370; x_wconf 73' lang='lat' dir='ltr'><strong>ammonas</strong></span> 
     </span>
    </p>
   </div>
   <div class='ocr_carea' id='block_1_2' title="bbox 131 453 1413 2776">
    <p class='ocr_par' dir='ltr' id='par_1_2' title="bbox 208 453 1375 1052">
     <span class='ocr_line' id='line_1_2' title="bbox 243 453 1353 548; baseline -0.003 -25"><span class='ocrx_word' id='word_1_5' title='bbox 243 465 308 524; x_wconf 78' lang='lat' dir='ltr'><strong>sair</strong></span> <span class='ocrx_word' id='word_1_6' title='bbox 331 453 505 545; x_wconf 74' lang='grc' dir='ltr'><strong><em>παρόντων,</em></strong></span> <span class='ocrx_word' id='word_1_7' title='bbox 527 464 571 548; x_wconf 75' lang='grc' dir='ltr'><strong><em>τῷ</em></strong></span> <span class='ocrx_word' id='word_1_8' title='bbox 592 460 677 543; x_wconf 94' lang='grc' dir='ltr'><strong><em>κρύει</em></strong></span> <span class='ocrx_word' id='word_1_9' title='bbox 704 465 761 524; x_wconf 80' lang='grc' dir='ltr'><strong><em>καί</em></strong></span> <span class='ocrx_word' id='word_1_10' title='bbox 780 465 822 547; x_wconf 73' lang='grc' dir='ltr'><strong><em>τῷ</em></strong></span> <span class='ocrx_word' id='word_1_11' title='bbox 847 453 958 548; x_wconf 80' lang='grc' dir='ltr'><strong><em>ὅμβρηι</em></strong></span> <span class='ocrx_word' id='word_1_12' title='bbox 979 467 1113 543; x_wconf 83' lang='grc' dir='ltr'><strong><em>συνεχεῖ</em></strong></span> <span class='ocrx_word' id='word_1_13' title='bbox 1127 460 1185 522; x_wconf 81' lang='grc' dir='ltr'><strong><em>καί</em></strong></span> <span class='ocrx_word' id='word_1_14' title='bbox 1207 457 1353 522; x_wconf 73' lang='grc' dir='ltr'><strong><em>άνυπσιῑ-</em></strong></span> 
     </span>
     <span class='ocr_line' id='line_1_3' title="bbox 243 557 1352 647; baseline -0.001 -25"><span class='ocrx_word' id='word_1_15' title='bbox 243 583 306 647; x_wconf 84' lang='grc' dir='ltr'><strong><em>στην</em></strong></span> <span class='ocrx_word' id='word_1_16' title='bbox 327 557 476 644; x_wconf 85' lang='grc' dir='ltr'><strong><em>μήκιστον</em></strong></span> <span class='ocrx_word' id='word_1_17' title='bbox 497 560 611 644; x_wconf 80' lang='grc' dir='ltr'><strong><em>χρόνον</em></strong></span> <span class='ocrx_word' id='word_1_18' title='bbox 636 561 933 646; x_wconf 69' lang='grc' dir='ltr'><strong><em>ταλαιπωρούμενοι</em></strong></span> <span class='ocrx_word' id='word_1_19' title='bbox 945 611 955 642; x_wconf 89' lang='grc'><em>,</em></span> <span class='ocrx_word' id='word_1_20' title='bbox 977 558 1012 626; x_wconf 86' lang='grc' dir='ltr'><strong><em>τύ</em></strong></span> <span class='ocrx_word' id='word_1_21' title='bbox 1038 563 1094 644; x_wconf 86' lang='grc' dir='ltr'><strong><em>ζήν</em></strong></span> <span class='ocrx_word' id='word_1_22' title='bbox 1115 558 1352 644; x_wconf 81' lang='grc' dir='ltr'><strong><em>έκαπέρρηξαν,</em></strong></span> 
     </span>
     <span class='ocr_line' id='line_1_4' title="bbox 242 661 1352 746; baseline 0 -23"><span class='ocrx_word' id='word_1_23' title='bbox 242 663 298 724; x_wconf 88' lang='grc' dir='ltr'><strong><em>καί</em></strong></span> <span class='ocrx_word' id='word_1_24' title='bbox 317 661 355 726; x_wconf 87' lang='grc' dir='ltr'><strong><em>τά</em></strong></span> <span class='ocrx_word' id='word_1_25' title='bbox 380 661 544 746; x_wconf 79' lang='grc' dir='ltr'><strong><em>ἐπιτήδεια</em></strong></span> <span class='ocrx_word' id='word_1_26' title='bbox 577 671 652 744; x_wconf 81' lang='grc' dir='ltr'><strong><em>παρ’</em></strong></span> <span class='ocrx_word' id='word_1_27' title='bbox 676 661 789 727; x_wconf 78' lang='grc' dir='ltr'><strong><em>ἐλπίδα</em></strong></span> <span class='ocrx_word' id='word_1_28' title='bbox 819 672 886 736; x_wconf 80' lang='grc' dir='ltr'><strong><em>τοῖς</em></strong></span> <span class='ocrx_word' id='word_1_29' title='bbox 909 665 1170 746; x_wconf 79' lang='grc' dir='ltr'><strong><em>στρατευομένοις</em></strong></span> <span class='ocrx_word' id='word_1_30' title='bbox 1204 663 1352 740; x_wconf 85' lang='grc' dir='ltr'><strong><em>έπέλιπε,</em></strong></span> 
     </span>
     <span class='ocr_line' id='line_1_5' title="bbox 243 759 1352 848; baseline 0 -22"><span class='ocrx_word' id='word_1_31' title='bbox 243 765 402 842; x_wconf 77' lang='grc' dir='ltr'><strong><em>ποταμίου</em></strong></span> <span class='ocrx_word' id='word_1_32' title='bbox 424 759 583 848; x_wconf 68' lang='grc' dir='ltr'><strong><em>ρἐύματος</em></strong></span> <span class='ocrx_word' id='word_1_33' title='bbox 616 762 671 826; x_wconf 78' lang='grc' dir='ltr'><strong><em>κατ’</em></strong></span> <span class='ocrx_word' id='word_1_34' title='bbox 695 765 853 846; x_wconf 73' lang='grc' dir='ltr'><strong><em>χειμῶνος</em></strong></span> <span class='ocrx_word' id='word_1_35' title='bbox 873 759 1026 842; x_wconf 88' lang='grc' dir='ltr'><strong><em>γενόμενα</em></strong></span> <span class='ocrx_word' id='word_1_36' title='bbox 1056 759 1225 846; x_wconf 58' lang='grc' dir='ltr'><strong><em>πάρεργον»</em></strong></span> <span class='ocrx_word' id='word_1_37' title='bbox 1269 765 1352 826; x_wconf 74' lang='grc' dir='ltr'><strong><em>τίνα-</em></strong></span> 
     </span>
     <span class='ocr_line' id='line_1_6' title="bbox 243 859 1375 951; baseline -0.006 -23"><span class='ocrx_word' id='word_1_38' title='bbox 243 863 352 946; x_wconf 85' lang='grc' dir='ltr'><strong><em>οτολής</em></strong></span> <span class='ocrx_word' id='word_1_39' title='bbox 376 865 412 929; x_wconf 84' lang='grc' dir='ltr'><strong><em>δέ</em></strong></span> <span class='ocrx_word' id='word_1_40' title='bbox 432 867 598 950; x_wconf 78' lang='grc' dir='ltr'><strong><em>γενομένης</em></strong></span> <span class='ocrx_word' id='word_1_41' title='bbox 619 863 702 951; x_wconf 81' lang='grc' dir='ltr'><strong><em>έξήει</em></strong></span> <span class='ocrx_word' id='word_1_42' title='bbox 724 866 847 948; x_wconf 74' lang='grc' dir='ltr'><strong><em>πρωίας</em></strong></span> <span class='ocrx_word' id='word_1_43' title='bbox 864 861 893 926; x_wconf 78' lang='grc' dir='ltr'><strong><em>’ὅ</em></strong></span> <span class='ocrx_word' id='word_1_44' title='bbox 914 859 1149 944; x_wconf 87' lang='grc' dir='ltr'><strong><em>βασιλεύς,καὶ</em></strong></span> <span class='ocrx_word' id='word_1_45' title='bbox 1166 861 1224 928; x_wconf 85' lang='grc' dir='ltr'><strong><em>τὸν</em></strong></span> <span class='ocrx_word' id='word_1_46' title='bbox 1244 871 1375 927; x_wconf 86' lang='grc' dir='ltr'><strong><em>ποτα-5</em></strong></span> 
     </span>
     <span class='ocr_line' id='line_1_7' title="bbox 208 954 1352 1052; baseline 0.005 -30"><span class='ocrx_word' id='word_1_47' title='bbox 208 1014 212 1022; x_wconf 79' lang='grc'>,</span> <span class='ocrx_word' id='word_1_48' title='bbox 241 961 301 1045; x_wconf 83' lang='grc' dir='ltr'><strong><em>μύν</em></strong></span> <span class='ocrx_word' id='word_1_49' title='bbox 324 954 429 1047; x_wconf 81' lang='grc' dir='ltr'><strong><em>α’γχάύ</em></strong></span> <span class='ocrx_word' id='word_1_50' title='bbox 448 969 673 1048; x_wconf 88' lang='grc' dir='ltr'><strong><em>καταρρέοντα,</em></strong></span> <span class='ocrx_word' id='word_1_51' title='bbox 696 969 855 1050; x_wconf 85' lang='grc' dir='ltr'><strong><em>τραφέντα</em></strong></span> <span class='ocrx_word' id='word_1_52' title='bbox 884 969 925 1052; x_wconf 82' lang='grc' dir='ltr'><strong><em>τῇ</em></strong></span> <span class='ocrx_word' id='word_1_53' title='bbox 945 969 1113 1052; x_wconf 84' lang='grc' dir='ltr'><strong><em>έπομβρίρ,</em></strong></span> <span class='ocrx_word' id='word_1_54' title='bbox 1134 966 1352 1047; x_wconf 81' lang='grc' dir='ltr'><strong><em>διαπεραιού·</em></strong></span> 
     </span>
    </p>

    <p class='ocr_par' dir='ltr' id='par_1_3' title="bbox 242 1061 1388 2158">
     <span class='ocr_line' id='line_1_8' title="bbox 242 1061 1352 1151; baseline 0 -23"><span class='ocrx_word' id='word_1_55' title='bbox 242 1087 336 1147; x_wconf 86' lang='grc' dir='ltr'><strong><em>μενος</em></strong></span> <span class='ocrx_word' id='word_1_56' title='bbox 353 1063 489 1140; x_wconf 86' lang='grc' dir='ltr'><strong><em>πολλούς</em></strong></span> <span class='ocrx_word' id='word_1_57' title='bbox 520 1067 583 1129; x_wconf 77' lang='grc' dir='ltr'><strong><em>τῶν</em></strong></span> <span class='ocrx_word' id='word_1_58' title='bbox 606 1069 771 1151; x_wconf 85' lang='grc' dir='ltr'><strong><em>σφετέρων</em></strong></span> <span class='ocrx_word' id='word_1_59' title='bbox 800 1067 951 1146; x_wconf 82' lang='grc' dir='ltr'><strong><em>άπέβαλε.</em></strong></span> <span class='ocrx_word' id='word_1_60' title='bbox 993 1062 1090 1148; x_wconf 82' lang='grc' dir='ltr'><strong><em>λήξας</em></strong></span> <span class='ocrx_word' id='word_1_61' title='bbox 1120 1065 1155 1129; x_wconf 83' lang='grc' dir='ltr'><strong><em>δὲ</em></strong></span> <span class='ocrx_word' id='word_1_62' title='bbox 1187 1061 1270 1147; x_wconf 87' lang='grc' dir='ltr'><strong><em>πράς</em></strong></span> <span class='ocrx_word' id='word_1_63' title='bbox 1293 1091 1352 1146; x_wconf 86' lang='grc' dir='ltr'><strong><em>μι-</em></strong></span> 
     </span>
     <span class='ocr_line' id='line_1_9' title="bbox 243 1155 1354 1249; baseline 0.001 -21"><span class='ocrx_word' id='word_1_64' title='bbox 243 1163 315 1249; x_wconf 85' lang='grc' dir='ltr'><strong><em>κρὸν</em></strong></span> <span class='ocrx_word' id='word_1_65' title='bbox 335 1165 390 1246; x_wconf 86' lang='grc' dir='ltr'><strong><em>τής</em></strong></span> <span class='ocrx_word' id='word_1_66' title='bbox 411 1161 593 1248; x_wconf 74' lang='grc' dir='ltr'><strong><em>ὁδοιπορίας</em></strong></span> <span class='ocrx_word' id='word_1_67' title='bbox 615 1155 677 1228; x_wconf 87' lang='grc' dir='ltr'><strong><em>ύπὸ</em></strong></span> <span class='ocrx_word' id='word_1_68' title='bbox 704 1163 796 1228; x_wconf 88' lang='grc' dir='ltr'><strong><em>σκιάν</em></strong></span> <span class='ocrx_word' id='word_1_69' title='bbox 818 1163 894 1249; x_wconf 84' lang='grc' dir='ltr'><strong><em>ἔστη</em></strong></span> <span class='ocrx_word' id='word_1_70' title='bbox 916 1167 1051 1247; x_wconf 84' lang='grc' dir='ltr'><strong><em>δένδρου</em></strong></span> <span class='ocrx_word' id='word_1_71' title='bbox 1081 1163 1165 1238; x_wconf 86' lang='grc' dir='ltr'><strong><em>τινὸς</em></strong></span> <span class='ocrx_word' id='word_1_72' title='bbox 1187 1161 1257 1245; x_wconf 80' lang='grc' dir='ltr'><strong><em>ἅμα</em></strong></span> <span class='ocrx_word' id='word_1_73' title='bbox 1281 1166 1354 1230; x_wconf 78' lang='grc' dir='ltr'><strong><em>τισί</em></strong></span> 
     </span>
     <span class='ocr_line' id='line_1_10' title="bbox 243 1264 1352 1350; baseline 0 -20"><span class='ocrx_word' id='word_1_74' title='bbox 243 1265 308 1332; x_wconf 73' lang='grc' dir='ltr'><strong><em>τῶν</em></strong></span> <span class='ocrx_word' id='word_1_75' title='bbox 338 1264 558 1350; x_wconf 72' lang='grc' dir='ltr'><strong><em>διατρεχόντων</em></strong></span> <span class='ocrx_word' id='word_1_76' title='bbox 565 1311 576 1342; x_wconf 88' lang='grc'><em>,</em></span> <span class='ocrx_word' id='word_1_77' title='bbox 606 1269 662 1328; x_wconf 81' lang='grc' dir='ltr'><strong><em>καί</em></strong></span> <span class='ocrx_word' id='word_1_78' title='bbox 680 1275 749 1346; x_wconf 86' lang='grc' dir='ltr'><strong><em>μετ’</em></strong></span> <span class='ocrx_word' id='word_1_79' title='bbox 775 1264 882 1348; x_wconf 89' lang='grc' dir='ltr'><strong><em>άλίγον</em></strong></span> <span class='ocrx_word' id='word_1_80' title='bbox 911 1264 991 1349; x_wconf 79' lang='grc' dir='ltr'><strong><em>η’χής</em></strong></span> <span class='ocrx_word' id='word_1_81' title='bbox 1018 1269 1195 1349; x_wconf 84' lang='grc' dir='ltr'><strong><em>’γενομένης</em></strong></span> <span class='ocrx_word' id='word_1_82' title='bbox 1220 1267 1255 1329; x_wconf 80' lang='grc' dir='ltr'><strong><em>ἑκ</em></strong></span> <span class='ocrx_word' id='word_1_83' title='bbox 1292 1267 1352 1348; x_wconf 81' lang='grc' dir='ltr'><strong><em>τῆς</em></strong></span> 
     </span>
     <span class='ocr_line' id='line_1_11' title="bbox 244 1355 1388 1454; baseline -0.002 -24"><span class='ocrx_word' id='word_1_84' title='bbox 244 1364 341 1451; x_wconf 80' lang='grc' dir='ltr'><strong><em>δρυὸς</em></strong></span> <span class='ocrx_word' id='word_1_85' title='bbox 369 1367 479 1454; x_wconf 87' lang='grc' dir='ltr'><strong><em>προήει</em></strong></span> <span class='ocrx_word' id='word_1_86' title='bbox 509 1365 624 1448; x_wconf 84' lang='grc' dir='ltr'><strong><em>μικράν</em></strong></span> <span class='ocrx_word' id='word_1_87' title='bbox 653 1364 856 1447; x_wconf 84' lang='grc' dir='ltr'><strong><em>ὁβαοιλεύς,</em></strong></span> <span class='ocrx_word' id='word_1_88' title='bbox 885 1355 970 1432; x_wconf 76' lang='grc' dir='ltr'><strong><em>ὅσον</em></strong></span> <span class='ocrx_word' id='word_1_89' title='bbox 980 1363 1026 1449; x_wconf 88' lang='grc' dir='ltr'><strong><em>μή</em></strong></span> <span class='ocrx_word' id='word_1_90' title='bbox 1049 1369 1094 1454; x_wconf 67' lang='grc' dir='ltr'><strong><em>τρῖ</em></strong></span> <span class='ocrx_word' id='word_1_91' title='bbox 1113 1362 1204 1449; x_wconf 90' lang='grc' dir='ltr'><strong><em>μήκει</em></strong></span> <span class='ocrx_word' id='word_1_92' title='bbox 1224 1365 1388 1448; x_wconf 78' lang='grc' dir='ltr'><strong><em>ταύτηςῑλ</em></strong></span> 
     </span>
     <span class='ocr_line' id='line_1_12' title="bbox 244 1460 1353 1554; baseline 0.003 -25"><span class='ocrx_word' id='word_1_93' title='bbox 244 1466 565 1547; x_wconf 77' lang='grc' dir='ltr'><strong><em>καταλαμβάνεσθαι·</em></strong></span> <span class='ocrx_word' id='word_1_94' title='bbox 610 1463 739 1550; x_wconf 76' lang='grc' dir='ltr'><strong><em>ῥιζόθεν</em></strong></span> <span class='ocrx_word' id='word_1_95' title='bbox 761 1471 791 1531; x_wconf 92' lang='grc' dir='ltr'><strong><em>δ’</em></strong></span> <span class='ocrx_word' id='word_1_96' title='bbox 821 1460 904 1551; x_wconf 87' lang='grc' dir='ltr'><strong><em>αύτη</em></strong></span> <span class='ocrx_word' id='word_1_97' title='bbox 925 1471 1082 1551; x_wconf 83' lang='grc' dir='ltr'><strong><em>τμηθεῖσα</em></strong></span> <span class='ocrx_word' id='word_1_98' title='bbox 1102 1465 1163 1532; x_wconf 89' lang='grc' dir='ltr'><strong><em>σύν</em></strong></span> <span class='ocrx_word' id='word_1_99' title='bbox 1186 1469 1294 1554; x_wconf 77' lang='grc' dir='ltr'><strong><em>πολλῇ</em></strong></span> <span class='ocrx_word' id='word_1_100' title='bbox 1314 1470 1353 1554; x_wconf 75' lang='grc' dir='ltr'><strong><em>τῇ</em></strong></span> 
     </span>
     <span class='ocr_line' id='line_1_13' title="bbox 243 1560 1353 1656; baseline 0.003 -27"><span class='ocrx_word' id='word_1_101' title='bbox 243 1567 302 1656; x_wconf 76' lang='grc' dir='ltr'><strong><em>βοή</em></strong></span> <span class='ocrx_word' id='word_1_102' title='bbox 323 1560 419 1630; x_wconf 82' lang='grc' dir='ltr'><strong><em>ύπτίιι</em></strong></span> <span class='ocrx_word' id='word_1_103' title='bbox 442 1570 481 1653; x_wconf 82' lang='grc' dir='ltr'><strong><em>τή</em></strong></span> <span class='ocrx_word' id='word_1_104' title='bbox 503 1568 543 1655; x_wconf 79' lang='grc' dir='ltr'><strong><em>γῇ</em></strong></span> <span class='ocrx_word' id='word_1_105' title='bbox 562 1566 764 1652; x_wconf 89' lang='grc' dir='ltr'><strong><em>προσήρεισε.</em></strong></span> <span class='ocrx_word' id='word_1_106' title='bbox 805 1573 932 1651; x_wconf 87' lang='grc' dir='ltr'><strong><em>γέγονεν</em></strong></span> <span class='ocrx_word' id='word_1_107' title='bbox 964 1565 1154 1648; x_wconf 82' lang='grc' dir='ltr'><strong><em>ὅβασιλεύς</em></strong></span> <span class='ocrx_word' id='word_1_108' title='bbox 1179 1565 1267 1642; x_wconf 86' lang='grc' dir='ltr'><strong><em>ένεός</em></strong></span> <span class='ocrx_word' id='word_1_109' title='bbox 1292 1593 1353 1632; x_wconf 91' lang='grc' dir='ltr'><strong><em>κα-</em></strong></span> 
     </span>
     <span class='ocr_line' id='line_1_14' title="bbox 242 1661 1354 1754; baseline 0.001 -22"><span class='ocrx_word' id='word_1_110' title='bbox 242 1666 400 1750; x_wconf 76' lang='grc' dir='ltr'><strong><em>ταμαθών</em></strong></span> <span class='ocrx_word' id='word_1_111' title='bbox 419 1671 487 1743; x_wconf 82' lang='grc' dir='ltr'><strong><em>οἵας</em></strong></span> <span class='ocrx_word' id='word_1_112' title='bbox 516 1671 632 1752; x_wconf 82' lang='grc' dir='ltr'><strong><em>μικροῦ</em></strong></span> <span class='ocrx_word' id='word_1_113' title='bbox 660 1671 726 1733; x_wconf 81' lang='grc' dir='ltr'><strong><em>δεῖν</em></strong></span> <span class='ocrx_word' id='word_1_114' title='bbox 750 1672 895 1752; x_wconf 84' lang='grc' dir='ltr'><strong><em>τελευτής</em></strong></span> <span class='ocrx_word' id='word_1_115' title='bbox 924 1667 1036 1751; x_wconf 83' lang='grc' dir='ltr'><strong><em>ἔμελλε</em></strong></span> <span class='ocrx_word' id='word_1_116' title='bbox 1064 1661 1190 1752; x_wconf 78' lang='grc' dir='ltr'><strong><em>τυχεῖν,</em></strong></span> <span class='ocrx_word' id='word_1_117' title='bbox 1222 1673 1283 1734; x_wconf 82' lang='grc' dir='ltr'><strong><em>καί</em></strong></span> <span class='ocrx_word' id='word_1_118' title='bbox 1313 1664 1354 1754; x_wconf 78' lang='grc' dir='ltr'><strong><em>ἦν</em></strong></span> 
     </span>
     <span class='ocr_line' id='line_1_15' title="bbox 245 1768 923 1856; baseline 0 -22"><span class='ocrx_word' id='word_1_119' title='bbox 245 1771 411 1856; x_wconf 87' lang='grc' dir='ltr'><strong><em>προοίμιον</em></strong></span> <span class='ocrx_word' id='word_1_120' title='bbox 432 1768 490 1834; x_wconf 83' lang='grc' dir='ltr'><strong><em>ούκ</em></strong></span> <span class='ocrx_word' id='word_1_121' title='bbox 514 1768 637 1850; x_wconf 88' lang='grc' dir='ltr'><strong><em>άγαθὸν</em></strong></span> <span class='ocrx_word' id='word_1_122' title='bbox 660 1769 695 1835; x_wconf 85' lang='grc' dir='ltr'><strong><em>τύ</em></strong></span> <span class='ocrx_word' id='word_1_123' title='bbox 722 1769 923 1856; x_wconf 88' lang='grc' dir='ltr'><strong><em>συγκύρημα.</em></strong></span> 
     </span>
     <span class='ocr_line' id='line_1_16' title="bbox 250 1868 1387 1960; baseline -0.003 -24"><span class='ocrx_word' id='word_1_124' title='bbox 250 1909 255 1926; x_wconf 61' lang='grc' dir='ltr'><strong><em>ι</em></strong></span> <span class='ocrx_word' id='word_1_125' title='bbox 344 1868 563 1953; x_wconf 84' lang='grc' dir='ltr'><strong><em>Προβιβάζων</em></strong></span> <span class='ocrx_word' id='word_1_126' title='bbox 583 1874 619 1936; x_wconf 82' lang='grc' dir='ltr'><strong><em>δέ</em></strong></span> <span class='ocrx_word' id='word_1_127' title='bbox 639 1870 695 1954; x_wconf 87' lang='grc' dir='ltr'><strong><em>τήν</em></strong></span> <span class='ocrx_word' id='word_1_128' title='bbox 710 1868 864 1955; x_wconf 86' lang='grc' dir='ltr'><strong><em>στρατιάν</em></strong></span> <span class='ocrx_word' id='word_1_129' title='bbox 884 1869 1094 1956; x_wconf 79' lang='grc' dir='ltr'><strong><em>ἐπεπορεύετο</em></strong></span> <span class='ocrx_word' id='word_1_130' title='bbox 1116 1870 1227 1960; x_wconf 82' lang='grc' dir='ltr'><strong><em>ταύτη.</em></strong></span> <span class='ocrx_word' id='word_1_131' title='bbox 1273 1875 1387 1938; x_wconf 73' lang='grc' dir='ltr'><strong><em>ἐπε-15</em></strong></span> 
     </span>
     <span class='ocr_line' id='line_1_17' title="bbox 244 1964 1353 2058; baseline -0.002 -20"><span class='ocrx_word' id='word_1_132' title='bbox 244 1975 362 2056; x_wconf 78' lang='grc' dir='ltr'><strong><em>τάχυνε</em></strong></span> <span class='ocrx_word' id='word_1_133' title='bbox 383 1974 412 2034; x_wconf 85' lang='grc' dir='ltr'><strong><em>δ’</em></strong></span> <span class='ocrx_word' id='word_1_134' title='bbox 432 1964 540 2037; x_wconf 82' lang='grc' dir='ltr'><strong><em>ἀύτὸν</em></strong></span> <span class='ocrx_word' id='word_1_135' title='bbox 560 1974 628 2036; x_wconf 87' lang='grc' dir='ltr'><strong><em>’καί</em></strong></span> <span class='ocrx_word' id='word_1_136' title='bbox 650 1995 697 2046; x_wconf 91' lang='grc' dir='ltr'><strong><em>τις</em></strong></span> <span class='ocrx_word' id='word_1_137' title='bbox 730 1969 821 2057; x_wconf 85' lang='grc' dir='ltr'><strong><em>φήμη</em></strong></span> <span class='ocrx_word' id='word_1_138' title='bbox 849 1969 974 2056; x_wconf 83' lang='grc' dir='ltr'><strong><em>ψευδής</em></strong></span> <span class='ocrx_word' id='word_1_139' title='bbox 1001 1977 1057 2038; x_wconf 81' lang='grc' dir='ltr'><strong><em>κατ’</em></strong></span> <span class='ocrx_word' id='word_1_140' title='bbox 1078 1967 1134 2036; x_wconf 91' lang='grc' dir='ltr'><strong><em>ούκ</em></strong></span> <span class='ocrx_word' id='word_1_141' title='bbox 1155 1971 1353 2058; x_wconf 76' lang='grc' dir='ltr'><strong><em>ἔμπρακτος,</em></strong></span> 
     </span>
     <span class='ocr_line' id='line_1_18' title="bbox 244 2067 1353 2158; baseline -0.001 -19"><span class='ocrx_word' id='word_1_142' title='bbox 244 2073 431 2156; x_wconf 76' lang='grc' dir='ltr'><strong><em>τυραννίδος</em></strong></span> <span class='ocrx_word' id='word_1_143' title='bbox 452 2069 657 2156; x_wconf 86' lang='grc' dir='ltr'><strong><em>α’πάρχεσθαι</em></strong></span> <span class='ocrx_word' id='word_1_144' title='bbox 681 2075 816 2155; x_wconf 84' lang='grc' dir='ltr'><strong><em>λέγουσα</em></strong></span> <span class='ocrx_word' id='word_1_145' title='bbox 838 2072 893 2137; x_wconf 87' lang='grc' dir='ltr'><strong><em>τύν</em></strong></span> <span class='ocrx_word' id='word_1_146' title='bbox 912 2074 989 2158; x_wconf 87' lang='grc' dir='ltr'><strong><em>πρὸς</em></strong></span> <span class='ocrx_word' id='word_1_147' title='bbox 1023 2067 1106 2139; x_wconf 68' lang='lat' dir='ltr'><strong>inico</strong></span> <span class='ocrx_word' id='word_1_148' title='bbox 1129 2076 1353 2140; x_wconf 84' lang='grc' dir='ltr'><strong><em>α’ποσταλέντα</em></strong></span> 
     </span>
    </p>

    <p class='ocr_par' dir='ltr' id='par_1_4' title="bbox 131 2165 1413 2776">
     <span class='ocr_line' id='line_1_19' title="bbox 131 2165 1354 2259; baseline 0.002 -23"><span class='ocrx_word' id='word_1_149' title='bbox 131 2231 139 2242; x_wconf 81' lang='grc'>,</span> <span class='ocrx_word' id='word_1_150' title='bbox 245 2173 320 2256; x_wconf 88' lang='grc' dir='ltr'><strong><em>παρ’</em></strong></span> <span class='ocrx_word' id='word_1_151' title='bbox 347 2171 449 2236; x_wconf 84' lang='grc' dir='ltr'><strong><em>αύτού</em></strong></span> <span class='ocrx_word' id='word_1_152' title='bbox 470 2170 631 2238; x_wconf 84' lang='grc' dir='ltr'><strong><em>πολιτικὸν</em></strong></span> <span class='ocrx_word' id='word_1_153' title='bbox 662 2165 767 2254; x_wconf 84' lang='grc' dir='ltr'><strong><em>άνδρα</em></strong></span> <span class='ocrx_word' id='word_1_154' title='bbox 791 2169 845 2237; x_wconf 85' lang='grc' dir='ltr'><strong><em>διά</em></strong></span> <span class='ocrx_word' id='word_1_155' title='bbox 869 2171 926 2256; x_wconf 86' lang='grc' dir='ltr'><strong><em>τήν</em></strong></span> <span class='ocrx_word' id='word_1_156' title='bbox 959 2176 1023 2237; x_wconf 79' lang='lat' dir='ltr'><strong><em>cciv</em></strong></span> <span class='ocrx_word' id='word_1_157' title='bbox 1045 2175 1203 2257; x_wconf 88' lang='grc' dir='ltr'><strong><em>δημοσίουν</em></strong></span> <span class='ocrx_word' id='word_1_158' title='bbox 1225 2175 1354 2259; x_wconf 88' lang='grc' dir='ltr'><strong><em>κτημά-</em></strong></span> 
     </span>
     <span class='ocr_line' id='line_1_20' title="bbox 247 2269 1353 2360; baseline 0.001 -22"><span class='ocrx_word' id='word_1_159' title='bbox 247 2295 311 2338; x_wconf 82' lang='grc' dir='ltr'><strong><em>των</em></strong></span> <span class='ocrx_word' id='word_1_160' title='bbox 334 2269 489 2350; x_wconf 75' lang='grc' dir='ltr'><strong><em>έξίοωοιν.</em></strong></span> <span class='ocrx_word' id='word_1_161' title='bbox 540 2273 712 2356; x_wconf 78' lang='grc' dir='ltr'><strong><em>καὶμέχρι</em></strong></span> <span class='ocrx_word' id='word_1_162' title='bbox 734 2277 790 2357; x_wconf 87' lang='grc' dir='ltr'><strong><em>τής</em></strong></span> <span class='ocrx_word' id='word_1_163' title='bbox 820 2273 984 2356; x_wconf 84' lang='grc' dir='ltr'><strong><em>βασιλίδος</em></strong></span> <span class='ocrx_word' id='word_1_164' title='bbox 1005 2274 1170 2357; x_wconf 86' lang='grc' dir='ltr'><strong><em>γενόμενος</em></strong></span> <span class='ocrx_word' id='word_1_165' title='bbox 1191 2277 1248 2340; x_wconf 78' lang='grc' dir='ltr'><strong><em>κατ’</em></strong></span> <span class='ocrx_word' id='word_1_166' title='bbox 1269 2272 1353 2360; x_wconf 80' lang='grc' dir='ltr'><strong><em>πρὸς</em></strong></span> 
     </span>
     <span class='ocr_line' id='line_1_21' title="bbox 246 2371 1388 2461; baseline 0 -21"><span class='ocrx_word' id='word_1_167' title='bbox 246 2374 281 2441; x_wconf 80' lang='grc' dir='ltr'><strong><em>τὸ</em></strong></span> <span class='ocrx_word' id='word_1_168' title='bbox 305 2374 430 2458; x_wconf 86' lang='grc' dir='ltr'><strong><em>σι’κτρόν</em></strong></span> <span class='ocrx_word' id='word_1_169' title='bbox 450 2378 509 2440; x_wconf 84' lang='grc' dir='ltr'><strong><em>τού</em></strong></span> <span class='ocrx_word' id='word_1_170' title='bbox 528 2371 707 2456; x_wconf 77' lang='grc' dir='ltr'><strong><em>συμβάντος</em></strong></span> <span class='ocrx_word' id='word_1_171' title='bbox 729 2374 857 2451; x_wconf 79' lang='grc' dir='ltr'><strong><em>εἰκότως</em></strong></span> <span class='ocrx_word' id='word_1_172' title='bbox 879 2375 1032 2458; x_wconf 81' lang='grc' dir='ltr'><strong><em>άνταθείς,</em></strong></span> <span class='ocrx_word' id='word_1_173' title='bbox 1055 2374 1111 2440; x_wconf 83' lang='grc' dir='ltr'>καί</span> <span class='ocrx_word' id='word_1_174' title='bbox 1130 2373 1188 2459; x_wconf 85' lang='grc' dir='ltr'><strong><em>τήν</em></strong></span> <span class='ocrx_word' id='word_1_175' title='bbox 1209 2386 1388 2461; x_wconf 69' lang='grc' dir='ltr'><strong><em>κατηγο-λλ)</em></strong></span> 
     </span>
     <span class='ocr_line' id='line_1_22' title="bbox 248 2462 1413 2564; baseline 0 -23"><span class='ocrx_word' id='word_1_176' title='bbox 248 2480 322 2562; x_wconf 87' lang='grc' dir='ltr'><strong><em>ρίαν</em></strong></span> <span class='ocrx_word' id='word_1_177' title='bbox 342 2478 400 2540; x_wconf 88' lang='grc' dir='ltr'><strong><em>τού</em></strong></span> <span class='ocrx_word' id='word_1_178' title='bbox 428 2466 582 2557; x_wconf 85' lang='grc' dir='ltr'><strong><em>άρχοντος</em></strong></span> <span class='ocrx_word' id='word_1_179' title='bbox 612 2462 804 2541; x_wconf 79' lang='grc' dir='ltr'><strong><em>ἐπίπλαστον</em></strong></span> <span class='ocrx_word' id='word_1_180' title='bbox 838 2475 990 2560; x_wconf 85' lang='grc' dir='ltr'><strong><em>έγνωκιάς,</em></strong></span> <span class='ocrx_word' id='word_1_181' title='bbox 1018 2476 1237 2557; x_wconf 86' lang='grc' dir='ltr'><strong><em>α’νελάμβανεν</em></strong></span> <span class='ocrx_word' id='word_1_182' title='bbox 1258 2473 1349 2557; x_wconf 77' lang='grc' dir='ltr'><strong><em>ὅμως</em></strong></span> <span class='ocrx_word' id='word_1_183' title='bbox 1412 2553 1413 2564; x_wconf 21' lang='grc' dir='ltr'><strong><em>η</em></strong></span> 
     </span>
     <span class='ocr_line' id='line_1_23' title="bbox 246 2561 1413 2678; baseline 0.003 -37"><span class='ocrx_word' id='word_1_184' title='bbox 246 2580 303 2657; x_wconf 80' lang='grc' dir='ltr'><strong><em>τῆς</em></strong></span> <span class='ocrx_word' id='word_1_185' title='bbox 325 2568 468 2658; x_wconf 82' lang='grc' dir='ltr'><strong><em>άθυμιάς</em></strong></span> <span class='ocrx_word' id='word_1_186' title='bbox 489 2568 612 2661; x_wconf 75' lang='grc' dir='ltr'><strong><em>ἑαυτόν,</em></strong></span> <span class='ocrx_word' id='word_1_187' title='bbox 635 2572 689 2639; x_wconf 83' lang='grc' dir='ltr'><strong><em>καί</em></strong></span> <span class='ocrx_word' id='word_1_188' title='bbox 707 2575 782 2660; x_wconf 80' lang='grc' dir='ltr'><strong><em>περί</em></strong></span> <span class='ocrx_word' id='word_1_189' title='bbox 802 2578 856 2642; x_wconf 88' lang='grc' dir='ltr'><strong><em>τόν</em></strong></span> <span class='ocrx_word' id='word_1_190' title='bbox 883 2562 965 2641; x_wconf 85' lang='grc' dir='ltr'><strong><em>κατά</em></strong></span> <span class='ocrx_word' id='word_1_191' title='bbox 986 2578 1155 2661; x_wconf 87' lang='grc' dir='ltr'><strong><em>πρόσωπον</em></strong></span> <span class='ocrx_word' id='word_1_192' title='bbox 1174 2580 1231 2661; x_wconf 80' lang='grc' dir='ltr'><strong><em>τῆς</em></strong></span> <span class='ocrx_word' id='word_1_193' title='bbox 1251 2561 1347 2659; x_wconf 82' lang='grc' dir='ltr'><strong><em>βασι·</em></strong></span> <span class='ocrx_word' id='word_1_194' title='bbox 1412 2617 1413 2678; x_wconf 59' lang='grc' dir='ltr'><strong><em>η</em></strong></span> 
     </span>
     <span class='ocr_line' id='line_1_24' title="bbox 247 2674 1413 2776; baseline 0.002 -33"><span class='ocrx_word' id='word_1_195' title='bbox 247 2677 333 2752; x_wconf 87' lang='grc' dir='ltr'><strong><em>λίδος</em></strong></span> <span class='ocrx_word' id='word_1_196' title='bbox 368 2678 608 2759; x_wconf 80' lang='grc' dir='ltr'><strong><em>προικιείμενον</em></strong></span> <span class='ocrx_word' id='word_1_197' title='bbox 640 2674 788 2761; x_wconf 78' lang='grc' dir='ltr'><strong><em>πορθμὸν</em></strong></span> <span class='ocrx_word' id='word_1_198' title='bbox 820 2674 920 2742; x_wconf 78' lang='grc' dir='ltr'><strong><em>α’νιών</em></strong></span> <span class='ocrx_word' id='word_1_199' title='bbox 954 2680 1149 2764; x_wconf 81' lang='grc' dir='ltr'><strong><em>ένησχολεῖτο</em></strong></span> <span class='ocrx_word' id='word_1_200' title='bbox 1181 2682 1221 2767; x_wconf 79' lang='grc' dir='ltr'><strong><em>τῇ</em></strong></span> <span class='ocrx_word' id='word_1_201' title='bbox 1250 2676 1350 2771; x_wconf 74' lang='grc' dir='ltr'><strong><em>θήρη,</em></strong></span> <span class='ocrx_word' id='word_1_202' title='bbox 1412 2683 1413 2776; x_wconf 66' lang='lat' dir='ltr'><strong>l</strong></span> 
     </span>
    </p>
   </div>
   <div class='ocr_carea' id='block_1_3' title="bbox 246 2979 1351 3748">
    <p class='ocr_par' dir='ltr' id='par_1_5' title="bbox 246 2979 1351 3748">
     <span class='ocr_line' id='line_1_25' title="bbox 249 2979 1351 3051; baseline 0.005 -20"><span class='ocrx_word' id='word_1_203' title='bbox 249 2988 276 3033; x_wconf 87' lang='lat' dir='ltr'><strong><em>et</em></strong></span> <span class='ocrx_word' id='word_1_204' title='bbox 295 2979 461 3034; x_wconf 76' lang='lat' dir='ltr'><strong>intolerabili</strong></span> <span class='ocrx_word' id='word_1_205' title='bbox 482 2994 530 3049; x_wconf 92' lang='lat' dir='ltr'><strong><em>per</em></strong></span> <span class='ocrx_word' id='word_1_206' title='bbox 549 2979 735 3051; x_wconf 73' lang='lat' dir='ltr'><strong>longissimum</strong></span> <span class='ocrx_word' id='word_1_207' title='bbox 752 2990 856 3049; x_wconf 88' lang='lat' dir='ltr'><strong>tempus</strong></span> <span class='ocrx_word' id='word_1_208' title='bbox 875 2982 993 3034; x_wconf 87' lang='lat' dir='ltr'><strong>coniecti</strong></span> <span class='ocrx_word' id='word_1_209' title='bbox 1011 2984 1092 3034; x_wconf 72' lang='grc' dir='ltr'><strong><em>κίτται</em></strong></span> <span class='ocrx_word' id='word_1_210' title='bbox 1111 2983 1351 3050; x_wconf 76' lang='lat' dir='ltr'><strong>deposnerunttet</strong></span> 
     </span>
     <span class='ocr_line' id='line_1_26' title="bbox 246 3052 1350 3119; baseline -0.002 -14"><span class='ocrx_word' id='word_1_211' title='bbox 246 3054 399 3106; x_wconf 86' lang='lat' dir='ltr'><strong>necessaria</strong></span> <span class='ocrx_word' id='word_1_212' title='bbox 418 3062 510 3105; x_wconf 92' lang='lat' dir='ltr'><strong>contra</strong></span> <span class='ocrx_word' id='word_1_213' title='bbox 536 3054 761 3119; x_wconf 71' lang='lat' dir='ltr'><strong>exspectationem</strong></span> <span class='ocrx_word' id='word_1_214' title='bbox 784 3052 883 3105; x_wconf 81' lang='lat' dir='ltr'><strong>milites</strong></span> <span class='ocrx_word' id='word_1_215' title='bbox 901 3054 1068 3118; x_wconf 86' lang='lat' dir='ltr'><strong>deiecerunt,</strong></span> <span class='ocrx_word' id='word_1_216' title='bbox 1087 3053 1213 3107; x_wconf 89' lang='lat' dir='ltr'><strong>lluctuum</strong></span> <span class='ocrx_word' id='word_1_217' title='bbox 1233 3065 1260 3108; x_wconf 89' lang='lat' dir='ltr'><strong><em>et</em></strong></span> <span class='ocrx_word' id='word_1_218' title='bbox 1279 3065 1350 3107; x_wconf 89' lang='lat' dir='ltr'><strong>tem.</strong></span> 
     </span>
     <span class='ocr_line' id='line_1_27' title="bbox 247 3124 1351 3195; baseline 0.002 -18"><span class='ocrx_word' id='word_1_219' title='bbox 247 3128 359 3195; x_wconf 89' lang='lat' dir='ltr'><strong>pestatis</strong></span> <span class='ocrx_word' id='word_1_220' title='bbox 383 3124 451 3175; x_wconf 87' lang='lat' dir='ltr'><strong>iacta</strong></span> <span class='ocrx_word' id='word_1_221' title='bbox 471 3126 683 3179; x_wconf 87' lang='lat' dir='ltr'><strong>additamentum.</strong></span> <span class='ocrx_word' id='word_1_222' title='bbox 721 3126 898 3190; x_wconf 78' lang='lat' dir='ltr'><strong>respiratione</strong></span> <span class='ocrx_word' id='word_1_223' title='bbox 917 3124 986 3176; x_wconf 85' lang='lat' dir='ltr'><strong>iacta</strong></span> <span class='ocrx_word' id='word_1_224' title='bbox 1006 3126 1141 3193; x_wconf 78' lang='lat' dir='ltr'><strong>egreditur</strong></span> <span class='ocrx_word' id='word_1_225' title='bbox 1157 3142 1236 3178; x_wconf 89' lang='lat' dir='ltr'><strong>mane</strong></span> <span class='ocrx_word' id='word_1_226' title='bbox 1253 3143 1306 3179; x_wconf 85' lang='lat' dir='ltr'><strong><em>rex</em></strong></span> <span class='ocrx_word' id='word_1_227' title='bbox 1324 3137 1351 3179; x_wconf 85' lang='lat' dir='ltr'><strong><em>et</em></strong></span> 
     </span>
     <span class='ocr_line' id='line_1_28' title="bbox 248 3195 1350 3265; baseline 0.002 -16"><span class='ocrx_word' id='word_1_228' title='bbox 248 3198 357 3249; x_wconf 87' lang='lat' dir='ltr'><strong>liuvium</strong></span> <span class='ocrx_word' id='word_1_229' title='bbox 383 3210 468 3265; x_wconf 87' lang='lat' dir='ltr'><strong>prope</strong></span> <span class='ocrx_word' id='word_1_230' title='bbox 487 3195 657 3261; x_wconf 83' lang='lat' dir='ltr'><strong>defluentem,</strong></span> <span class='ocrx_word' id='word_1_231' title='bbox 676 3205 782 3249; x_wconf 87' lang='lat' dir='ltr'><strong>anctum</strong></span> <span class='ocrx_word' id='word_1_232' title='bbox 800 3196 885 3248; x_wconf 86' lang='lat' dir='ltr'><strong>imbre</strong></span> <span class='ocrx_word' id='word_1_233' title='bbox 903 3198 1101 3265; x_wconf 77' lang='lat' dir='ltr'><strong>trmsgrediem</strong></span> <span class='ocrx_word' id='word_1_234' title='bbox 1121 3198 1220 3249; x_wconf 83' lang='lat' dir='ltr'><strong>multos</strong></span> <span class='ocrx_word' id='word_1_235' title='bbox 1239 3214 1350 3251; x_wconf 85' lang='lat' dir='ltr'><strong>snorum</strong></span> 
     </span>
     <span class='ocr_line' id='line_1_29' title="bbox 247 3267 1349 3334; baseline -0.002 -15"><span class='ocrx_word' id='word_1_236' title='bbox 247 3268 344 3319; x_wconf 89' lang='lat' dir='ltr'><strong>amisit.</strong></span> <span class='ocrx_word' id='word_1_237' title='bbox 394 3267 525 3319; x_wconf 88' lang='lat' dir='ltr'><strong>desistens</strong></span> <span class='ocrx_word' id='word_1_238' title='bbox 550 3276 637 3318; x_wconf 90' lang='lat' dir='ltr'><strong>autem</strong></span> <span class='ocrx_word' id='word_1_239' title='bbox 668 3268 776 3334; x_wconf 87' lang='lat' dir='ltr'><strong>paulum</strong></span> <span class='ocrx_word' id='word_1_240' title='bbox 807 3268 840 3319; x_wconf 90' lang='lat' dir='ltr'><strong>ab</strong></span> <span class='ocrx_word' id='word_1_241' title='bbox 867 3270 965 3320; x_wconf 88' lang='lat' dir='ltr'><strong>itinere</strong></span> <span class='ocrx_word' id='word_1_242' title='bbox 992 3271 1019 3319; x_wconf 92' lang='lat' dir='ltr'><strong><em>in</em></strong></span> <span class='ocrx_word' id='word_1_243' title='bbox 1044 3268 1135 3320; x_wconf 86' lang='lat' dir='ltr'><strong>umbra</strong></span> <span class='ocrx_word' id='word_1_244' title='bbox 1159 3271 1233 3321; x_wconf 90' lang='lat' dir='ltr'><strong>stetit</strong></span> <span class='ocrx_word' id='word_1_245' title='bbox 1265 3271 1349 3322; x_wconf 88' lang='lat' dir='ltr'><strong>arbo.</strong></span> 
     </span>
     <span class='ocr_line' id='line_1_30' title="bbox 246 3336 1351 3409; baseline 0.003 -19"><span class='ocrx_word' id='word_1_246' title='bbox 246 3340 284 3391; x_wconf 83' lang='lat' dir='ltr'><strong>ris</strong></span> <span class='ocrx_word' id='word_1_247' title='bbox 311 3336 425 3390; x_wconf 88' lang='lat' dir='ltr'><strong>alicuius</strong></span> <span class='ocrx_word' id='word_1_248' title='bbox 450 3354 509 3389; x_wconf 89' lang='lat' dir='ltr'><strong><em>cum</em></strong></span> <span class='ocrx_word' id='word_1_249' title='bbox 542 3338 697 3407; x_wconf 89' lang='lat' dir='ltr'><strong>quibusdam</strong></span> <span class='ocrx_word' id='word_1_250' title='bbox 721 3340 899 3406; x_wconf 89' lang='lat' dir='ltr'><strong>primoribus,</strong></span> <span class='ocrx_word' id='word_1_251' title='bbox 927 3348 954 3391; x_wconf 91' lang='lat' dir='ltr'><strong><em>et</em></strong></span> <span class='ocrx_word' id='word_1_252' title='bbox 972 3338 1053 3406; x_wconf 92' lang='lat' dir='ltr'><strong>paulo</strong></span> <span class='ocrx_word' id='word_1_253' title='bbox 1078 3349 1139 3407; x_wconf 89' lang='lat' dir='ltr'><strong>post</strong></span> <span class='ocrx_word' id='word_1_254' title='bbox 1160 3340 1292 3409; x_wconf 79' lang='lat' dir='ltr'><strong>clangore</strong></span> <span class='ocrx_word' id='word_1_255' title='bbox 1317 3358 1351 3393; x_wconf 87' lang='lat' dir='ltr'><strong><em>ex</em></strong></span> 
     </span>
     <span class='ocr_line' id='line_1_31' title="bbox 248 3407 1349 3481; baseline 0.002 -19"><span class='ocrx_word' id='word_1_256' title='bbox 248 3426 347 3481; x_wconf 88' lang='lat' dir='ltr'><strong>quercu</strong></span> <span class='ocrx_word' id='word_1_257' title='bbox 366 3408 447 3474; x_wconf 88' lang='lat' dir='ltr'><strong>laeto,</strong></span> <span class='ocrx_word' id='word_1_258' title='bbox 467 3410 636 3477; x_wconf 86' lang='lat' dir='ltr'><strong>progreditur</strong></span> <span class='ocrx_word' id='word_1_259' title='bbox 648 3407 755 3476; x_wconf 88' lang='lat' dir='ltr'><strong>paulum</strong></span> <span class='ocrx_word' id='word_1_260' title='bbox 768 3427 825 3475; x_wconf 80' lang='lat' dir='ltr'><strong>rex,</strong></span> <span class='ocrx_word' id='word_1_261' title='bbox 839 3413 867 3463; x_wconf 92' lang='lat' dir='ltr'><strong><em>in</em></strong></span> <span class='ocrx_word' id='word_1_262' title='bbox 885 3419 1010 3479; x_wconf 91' lang='lat' dir='ltr'><strong>quantum</strong></span> <span class='ocrx_word' id='word_1_263' title='bbox 1028 3426 1081 3461; x_wconf 93' lang='lat' dir='ltr'><strong><em>non</em></strong></span> <span class='ocrx_word' id='word_1_264' title='bbox 1100 3410 1271 3480; x_wconf 80' lang='lat' dir='ltr'><strong>longitudine</strong></span> <span class='ocrx_word' id='word_1_265' title='bbox 1291 3416 1349 3464; x_wconf 85' lang='lat' dir='ltr'><strong>eius</strong></span> 
     </span>
     <span class='ocr_line' id='line_1_32' title="bbox 248 3481 1349 3551; baseline 0 -16"><span class='ocrx_word' id='word_1_266' title='bbox 248 3484 307 3550; x_wconf 90' lang='lat' dir='ltr'><strong>capi</strong></span> <span class='ocrx_word' id='word_1_267' title='bbox 330 3488 436 3550; x_wconf 88' lang='lat' dir='ltr'><strong>posset:</strong></span> <span class='ocrx_word' id='word_1_268' title='bbox 464 3481 588 3532; x_wconf 77' lang='lat' dir='ltr'><strong>radicitus</strong></span> <span class='ocrx_word' id='word_1_269' title='bbox 611 3488 696 3532; x_wconf 90' lang='lat' dir='ltr'><strong>autem</strong></span> <span class='ocrx_word' id='word_1_270' title='bbox 721 3482 789 3535; x_wconf 87' lang='lat' dir='ltr'><strong>hacc</strong></span> <span class='ocrx_word' id='word_1_271' title='bbox 807 3484 891 3535; x_wconf 87' lang='lat' dir='ltr'><strong>scissa</strong></span> <span class='ocrx_word' id='word_1_272' title='bbox 910 3498 969 3534; x_wconf 90' lang='lat' dir='ltr'><strong><em>cum</em></strong></span> <span class='ocrx_word' id='word_1_273' title='bbox 987 3482 1070 3533; x_wconf 88' lang='lat' dir='ltr'><strong>multo</strong></span> <span class='ocrx_word' id='word_1_274' title='bbox 1085 3482 1202 3535; x_wconf 89' lang='lat' dir='ltr'><strong>clamore</strong></span> <span class='ocrx_word' id='word_1_275' title='bbox 1220 3486 1349 3551; x_wconf 87' lang='lat' dir='ltr'><strong>resupina</strong></span> 
     </span>
     <span class='ocr_line' id='line_1_33' title="bbox 248 3552 1350 3624; baseline 0 -19"><span class='ocrx_word' id='word_1_276' title='bbox 248 3556 275 3606; x_wconf 94' lang='lat' dir='ltr'><strong><em>in</em></strong></span> <span class='ocrx_word' id='word_1_277' title='bbox 303 3562 400 3607; x_wconf 89' lang='lat' dir='ltr'><strong>terram</strong></span> <span class='ocrx_word' id='word_1_278' title='bbox 428 3554 534 3605; x_wconf 82' lang='lat' dir='ltr'><strong>decidit.</strong></span> <span class='ocrx_word' id='word_1_279' title='bbox 567 3552 652 3605; x_wconf 87' lang='lat' dir='ltr'><strong>lactus</strong></span> <span class='ocrx_word' id='word_1_280' title='bbox 683 3563 724 3606; x_wconf 86' lang='lat' dir='ltr'><strong><em>est</em></strong></span> <span class='ocrx_word' id='word_1_281' title='bbox 746 3571 795 3606; x_wconf 80' lang='lat' dir='ltr'><strong><em>rex</em></strong></span> <span class='ocrx_word' id='word_1_282' title='bbox 825 3558 930 3617; x_wconf 86' lang='lat' dir='ltr'><strong>mutus,</strong></span> <span class='ocrx_word' id='word_1_283' title='bbox 957 3568 1015 3604; x_wconf 91' lang='lat' dir='ltr'><strong><em>cum</em></strong></span> <span class='ocrx_word' id='word_1_284' title='bbox 1043 3563 1238 3621; x_wconf 77' lang='lat' dir='ltr'><strong>cognosceret,</strong></span> <span class='ocrx_word' id='word_1_285' title='bbox 1277 3556 1350 3624; x_wconf 87' lang='lat' dir='ltr'><strong>quali</strong></span> 
     </span>
     <span class='ocr_line' id='line_1_34' title="bbox 248 3622 1350 3703; baseline 0.003 -28"><span class='ocrx_word' id='word_1_286' title='bbox 248 3640 333 3691; x_wconf 90' lang='lat' dir='ltr'><strong>paene</strong></span> <span class='ocrx_word' id='word_1_287' title='bbox 367 3625 445 3678; x_wconf 90' lang='lat' dir='ltr'><strong>morti</strong></span> <span class='ocrx_word' id='word_1_288' title='bbox 475 3622 678 3703; x_wconf 51' lang='lat' dir='ltr'><strong>succubuissem</strong></span> <span class='ocrx_word' id='word_1_289' title='bbox 718 3634 745 3678; x_wconf 91' lang='lat' dir='ltr'><strong><em>et</em></strong></span> <span class='ocrx_word' id='word_1_290' title='bbox 777 3634 834 3678; x_wconf 86' lang='lat' dir='ltr'><strong>erat</strong></span> <span class='ocrx_word' id='word_1_291' title='bbox 866 3624 1036 3693; x_wconf 86' lang='lat' dir='ltr'><strong>proverbium</strong></span> <span class='ocrx_word' id='word_1_292' title='bbox 1069 3638 1128 3677; x_wconf 81' lang='lat' dir='ltr'><strong><em>non</em></strong></span> <span class='ocrx_word' id='word_1_293' title='bbox 1157 3625 1255 3678; x_wconf 87' lang='lat' dir='ltr'><strong>bonum</strong></span> <span class='ocrx_word' id='word_1_294' title='bbox 1290 3642 1350 3679; x_wconf 88' lang='lat' dir='ltr'><strong>esse</strong></span> 
     </span>
     <span class='ocr_line' id='line_1_35' title="bbox 249 3710 346 3748; baseline 0.021 -3"><span class='ocrx_word' id='word_1_295' title='bbox 249 3710 346 3748; x_wconf 88' lang='lat' dir='ltr'><strong>casum.</strong></span> 
     </span>
    </p>
   </div>
   <div class='ocr_carea' id='block_1_4' title="bbox 248 3783 1350 4281">
    <p class='ocr_par' dir='ltr' id='par_1_6' title="bbox 248 3783 1350 4281">
     <span class='ocr_line' id='line_1_36' title="bbox 347 3783 1350 3852; baseline 0 -17"><span class='ocrx_word' id='word_1_296' title='bbox 347 3783 512 3839; x_wconf 88' lang='lat' dir='ltr'><strong>Promovens</strong></span> <span class='ocrx_word' id='word_1_297' title='bbox 523 3794 610 3837; x_wconf 89' lang='lat' dir='ltr'><strong>antem</strong></span> <span class='ocrx_word' id='word_1_298' title='bbox 622 3788 767 3837; x_wconf 83' lang='lat' dir='ltr'><strong>exereitum</strong></span> <span class='ocrx_word' id='word_1_299' title='bbox 777 3785 815 3836; x_wconf 91' lang='lat' dir='ltr'><strong><em>ibi</em></strong></span> <span class='ocrx_word' id='word_1_300' title='bbox 824 3784 1062 3852; x_wconf 80' lang='lat' dir='ltr'><strong>proficiscebatur:</strong></span> <span class='ocrx_word' id='word_1_301' title='bbox 1081 3784 1252 3837; x_wconf 87' lang='lat' dir='ltr'><strong>accelerabat</strong></span> <span class='ocrx_word' id='word_1_302' title='bbox 1260 3793 1350 3836; x_wconf 84' lang='lat' dir='ltr'><strong>autem</strong></span> 
     </span>
     <span class='ocr_line' id='line_1_37' title="bbox 252 3854 1350 3925; baseline 0.002 -20"><span class='ocrx_word' id='word_1_303' title='bbox 252 3868 311 3906; x_wconf 86' lang='lat' dir='ltr'><strong><em>enm</em></strong></span> <span class='ocrx_word' id='word_1_304' title='bbox 331 3854 410 3905; x_wconf 90' lang='lat' dir='ltr'><strong>etiam</strong></span> <span class='ocrx_word' id='word_1_305' title='bbox 430 3856 497 3909; x_wconf 86' lang='lat' dir='ltr'><strong>lama</strong></span> <span class='ocrx_word' id='word_1_306' title='bbox 524 3855 591 3909; x_wconf 89' lang='lat' dir='ltr'><strong>ialsa</strong></span> <span class='ocrx_word' id='word_1_307' title='bbox 610 3873 698 3925; x_wconf 83' lang='lat' dir='ltr'><strong>neque</strong></span> <span class='ocrx_word' id='word_1_308' title='bbox 718 3856 822 3920; x_wconf 83' lang='lat' dir='ltr'><strong>ellectu,</strong></span> <span class='ocrx_word' id='word_1_309' title='bbox 842 3857 1006 3923; x_wconf 83' lang='lat' dir='ltr'><strong>tyrannidem</strong></span> <span class='ocrx_word' id='word_1_310' title='bbox 1025 3856 1174 3908; x_wconf 85' lang='lat' dir='ltr'><strong>instituisse</strong></span> <span class='ocrx_word' id='word_1_311' title='bbox 1191 3857 1286 3909; x_wconf 87' lang='lat' dir='ltr'><strong>diceus</strong></span> <span class='ocrx_word' id='word_1_312' title='bbox 1304 3858 1350 3907; x_wconf 77' lang='lat' dir='ltr'><strong><em>ri-</em></strong></span> 
     </span>
     <span class='ocr_line' id='line_1_38' title="bbox 248 3924 1349 3994; baseline 0.004 -19"><span class='ocrx_word' id='word_1_313' title='bbox 248 3938 305 3976; x_wconf 86' lang='lat' dir='ltr'><strong><em>rum</em></strong></span> <span class='ocrx_word' id='word_1_314' title='bbox 324 3924 356 3975; x_wconf 90' lang='lat' dir='ltr'><strong>ad</strong></span> <span class='ocrx_word' id='word_1_315' title='bbox 375 3927 504 3978; x_wconf 89' lang='lat' dir='ltr'><strong>orientem</strong></span> <span class='ocrx_word' id='word_1_316' title='bbox 523 3944 538 3979; x_wconf 90' lang='lat' dir='ltr'><strong>a</strong></span> <span class='ocrx_word' id='word_1_317' title='bbox 557 3943 588 3979; x_wconf 89' lang='lat' dir='ltr'><strong><em>se</em></strong></span> <span class='ocrx_word' id='word_1_318' title='bbox 605 3930 723 3992; x_wconf 80' lang='lat' dir='ltr'><strong>missum,</strong></span> <span class='ocrx_word' id='word_1_319' title='bbox 743 3928 862 3980; x_wconf 85' lang='lat' dir='ltr'><strong>civilium</strong></span> <span class='ocrx_word' id='word_1_320' title='bbox 881 3944 967 3979; x_wconf 91' lang='lat' dir='ltr'><strong>rerum</strong></span> <span class='ocrx_word' id='word_1_321' title='bbox 981 3928 1111 3993; x_wconf 91' lang='lat' dir='ltr'><strong>peritum,</strong></span> <span class='ocrx_word' id='word_1_322' title='bbox 1129 3936 1239 3994; x_wconf 86' lang='lat' dir='ltr'><strong>propter</strong></span> <span class='ocrx_word' id='word_1_323' title='bbox 1257 3926 1349 3994; x_wconf 88' lang='lat' dir='ltr'><strong>pnbli-</strong></span> 
     </span>
     <span class='ocr_line' id='line_1_39' title="bbox 250 3998 1349 4068; baseline 0.003 -22"><span class='ocrx_word' id='word_1_324' title='bbox 250 4012 294 4048; x_wconf 89' lang='lat' dir='ltr'><strong><em>cas</em></strong></span> <span class='ocrx_word' id='word_1_325' title='bbox 322 3998 506 4062; x_wconf 86' lang='lat' dir='ltr'><strong>possessiones</strong></span> <span class='ocrx_word' id='word_1_326' title='bbox 526 4000 693 4067; x_wconf 82' lang='lat' dir='ltr'><strong>aequandas,</strong></span> <span class='ocrx_word' id='word_1_327' title='bbox 722 4007 749 4050; x_wconf 93' lang='lat' dir='ltr'><strong><em>et</em></strong></span> <span class='ocrx_word' id='word_1_328' title='bbox 773 4016 856 4068; x_wconf 90' lang='lat' dir='ltr'><strong>usqne</strong></span> <span class='ocrx_word' id='word_1_329' title='bbox 881 4002 913 4053; x_wconf 89' lang='lat' dir='ltr'><strong>ad</strong></span> <span class='ocrx_word' id='word_1_330' title='bbox 938 4013 1049 4066; x_wconf 79' lang='lat' dir='ltr'><strong>regnum</strong></span> <span class='ocrx_word' id='word_1_331' title='bbox 1075 4000 1188 4050; x_wconf 85' lang='lat' dir='ltr'><strong>veniens</strong></span> <span class='ocrx_word' id='word_1_332' title='bbox 1208 4006 1235 4049; x_wconf 89' lang='lat' dir='ltr'><strong><em>et</em></strong></span> <span class='ocrx_word' id='word_1_333' title='bbox 1252 3999 1349 4051; x_wconf 87' lang='lat' dir='ltr'><strong>misera</strong></span> 
     </span>
     <span class='ocr_line' id='line_1_40' title="bbox 248 4068 1348 4139; baseline 0.003 -21"><span class='ocrx_word' id='word_1_334' title='bbox 248 4068 354 4119; x_wconf 87' lang='lat' dir='ltr'><strong>ratione</strong></span> <span class='ocrx_word' id='word_1_335' title='bbox 365 4070 503 4136; x_wconf 79' lang='lat' dir='ltr'><strong>congressi</strong></span> <span class='ocrx_word' id='word_1_336' title='bbox 522 4079 634 4123; x_wconf 83' lang='lat' dir='ltr'><strong>vexatus</strong></span> <span class='ocrx_word' id='word_1_337' title='bbox 653 4079 680 4121; x_wconf 90' lang='lat' dir='ltr'><strong><em>et</em></strong></span> <span class='ocrx_word' id='word_1_338' title='bbox 697 4074 896 4123; x_wconf 87' lang='lat' dir='ltr'><strong>accusationem</strong></span> <span class='ocrx_word' id='word_1_339' title='bbox 915 4070 1044 4139; x_wconf 89' lang='lat' dir='ltr'><strong>principis</strong></span> <span class='ocrx_word' id='word_1_340' title='bbox 1063 4068 1211 4121; x_wconf 87' lang='lat' dir='ltr'><strong>simulatam</strong></span> <span class='ocrx_word' id='word_1_341' title='bbox 1230 4084 1348 4137; x_wconf 72' lang='lat' dir='ltr'><strong>coguos-</strong></span> 
     </span>
     <span class='ocr_line' id='line_1_41' title="bbox 250 4138 1349 4208; baseline -0.001 -17"><span class='ocrx_word' id='word_1_342' title='bbox 250 4154 314 4192; x_wconf 89' lang='lat' dir='ltr'><strong>cens</strong></span> <span class='ocrx_word' id='word_1_343' title='bbox 333 4154 363 4192; x_wconf 87' lang='lat' dir='ltr'><strong><em>se</em></strong></span> <span class='ocrx_word' id='word_1_344' title='bbox 382 4138 525 4208; x_wconf 78' lang='lat' dir='ltr'><strong>recollegit</strong></span> <span class='ocrx_word' id='word_1_345' title='bbox 543 4150 629 4194; x_wconf 85' lang='lat' dir='ltr'><strong>tamen</strong></span> <span class='ocrx_word' id='word_1_346' title='bbox 650 4158 690 4193; x_wconf 62' lang='grc' dir='ltr'><strong><em>στ’</em></strong></span> <span class='ocrx_word' id='word_1_347' title='bbox 701 4146 781 4195; x_wconf 89' lang='lat' dir='ltr'><strong>animi</strong></span> <span class='ocrx_word' id='word_1_348' title='bbox 800 4143 962 4204; x_wconf 89' lang='lat' dir='ltr'><strong>delectione,</strong></span> <span class='ocrx_word' id='word_1_349' title='bbox 983 4148 1010 4192; x_wconf 91' lang='lat' dir='ltr'><strong><em>et</em></strong></span> <span class='ocrx_word' id='word_1_350' title='bbox 1028 4141 1205 4193; x_wconf 87' lang='lat' dir='ltr'><strong>circavadum</strong></span> <span class='ocrx_word' id='word_1_351' title='bbox 1220 4142 1249 4192; x_wconf 93' lang='lat' dir='ltr'><strong><em>in</em></strong></span> <span class='ocrx_word' id='word_1_352' title='bbox 1260 4140 1349 4192; x_wconf 79' lang='lat' dir='ltr'><strong>fronte</strong></span> 
     </span>
     <span class='ocr_line' id='line_1_42' title="bbox 250 4212 1347 4281; baseline -0.002 -16"><span class='ocrx_word' id='word_1_353' title='bbox 250 4212 325 4281; x_wconf 72' lang='lat' dir='ltr'><strong>regia</strong></span> <span class='ocrx_word' id='word_1_354' title='bbox 344 4212 422 4265; x_wconf 85' lang='lat' dir='ltr'><strong>situm</strong></span> <span class='ocrx_word' id='word_1_355' title='bbox 440 4212 587 4265; x_wconf 88' lang='lat' dir='ltr'><strong>ascendens</strong></span> <span class='ocrx_word' id='word_1_356' title='bbox 605 4214 715 4265; x_wconf 84' lang='lat' dir='ltr'><strong>vacavit</strong></span> <span class='ocrx_word' id='word_1_357' title='bbox 731 4215 869 4267; x_wconf 85' lang='lat' dir='ltr'><strong>venationi</strong></span> <span class='ocrx_word' id='word_1_358' title='bbox 888 4231 919 4268; x_wconf 88' lang='lat' dir='ltr'><strong><em>se</em></strong></span> <span class='ocrx_word' id='word_1_359' title='bbox 937 4212 1074 4265; x_wconf 83' lang='lat' dir='ltr'><strong>delectans</strong></span> <span class='ocrx_word' id='word_1_360' title='bbox 1092 4214 1197 4267; x_wconf 85' lang='lat' dir='ltr'><strong>assidua</strong></span> <span class='ocrx_word' id='word_1_361' title='bbox 1211 4213 1347 4265; x_wconf 82' lang='lat' dir='ltr'><strong>exercita-</strong></span> 
     </span>
    </p>
   </div>
   <div class='ocr_carea' id='block_1_5' title="bbox 0 0 1428 4750">
    <p class='ocr_par' dir='ltr' id='par_1_7' title="bbox 0 0 1428 4750">
     <span class='ocr_line' id='line_1_43' title="bbox 0 0 1428 4750; baseline 0 0"><span class='ocrx_word' id='word_1_362' title='bbox 0 0 1428 4750; x_wconf 95' lang='lat' dir='ltr'><strong><em> </em></strong></span> 
     </span>
    </p>
   </div>
  </div>
 </body>
</html>
