2834 4750
533 217 742 299 trrs'ronm.
1117 228 1190 300 tot

72 388 252 472 γινόμενος
274 386 331 453 καί
345 386 405 473 τὴν
418 386 543 474 εἰρήνην
567 391 815 475 διαπορθμεύων
847 396 901 457 καί
927 391 1025 457 πολλοὶ
1049 393 1112 459 τόν
1131 392 1196 475 όμ-
1272 411 1280 425 ‘

74 488 342 576 φισβητημότων
364 490 407 566 τός
427 488 543 556 ἐπίπαν
576 489 811 575 καταπραδνων
840 490 895 556 καί
914 494 1086 574 πολεμικός
1104 516 1196 577 περτ-

73 591 218 667 στάσεις
240 588 435 673 οἷποσοδοόν·Δ
467 590 559 658 ἔπεσε
581 594 616 656 δὲ
636 597 806 675 τηνικαῦτα
839 589 1113 677 ε’ξ-αότομότουὴ
1138 594 1197 659 wi

74 692 270 773 Βρυοννίου
292 692 398 777 σκηνή,
419 698 475 758 rori
491 692 615 779 ὀρόφου
637 692 757 778 ταύτης
779 695 1020 777 παραλυθέντος
1044 692 1195 759 κυκλόθεν

40 788 240 875 ὄᾰσρότυις
260 797 381 878 χερσίν.
425 788 503 880 όπερ
525 798 748 880 κακαοορῠφῆς
780 796 882 861 edroi
907 791 1067 875 σύμβολον
1090 795 1195 875 α’ψεν-

78 894 145 966 otc
167 900 231 968 τοῖς
251 903 391 970 συιετοῖς
414 896 602 980 διεγνοόσδη,
626 893 699 959 ἕποι’·
718 894 772 959 καί
793 894 853 979 πρό
876 898 969 961 τινόν
994 890 1120 977 ἥμερόν
1142 891 1194 959 ἔτι·

74 1000 196 1075 λειψτς
218 999 272 1077 τῆς
293 994 426 1081 σελήνης
447 1003 594 1079 γεγονυῖα
615 996 672 1079 τὴν
693 999 814 1063 πτοόοιν
835 997 938 1082 adsoni
959 994 1013 1059 καί
1034 991 1116 1080 orire}
1135 1018 1194 1060 uu-

75 1097 267 1178 τεμήνυσε·
313 1102 495 1181 τεκμαίροιο
525 1097 586 1182 γόρ
608 1095 663 1183 την
692 1094 827 1184 σελήνην
856 1094 1322 1173 et’ctorierittoorointi.231r.

75 1192 113 1259 οἱ
139 1201 216 1280 περί
242 1195 305 1274 ,τός
332 1202 396 1263 τῶν
416 1199 593 1285 φωστὴροον
621 1200 759 1283 δινήσεις
783 1202 883 1265 δεινοί
902 1202 958 1263 καί
976 1199 1195 1285 μαθηματικοί

25 1312 66 1366 1o
77 1300 226 1380 λέγουσι,
248 1303 304 1363 καί
326 1298 361 1365 τό
385 1297 489 1375 πόδας
505 1302 626 1386 ταότης
645 1302 750 1376 πόθος
767 1303 830 1365 τοῦ
844 1300 1094 1375 όποστατοόντος
1115 1321 1195 1384 προ·

79 1402 321 1482 καταγγέλλειν.
727 1387 729 1397 y

184 1500 427 1578 Ἐπανελθόιτος
457 1506 493 1567 δὲ
518 1506 578 1567 τοῦ
606 1496 748 1569 τοόοότου
778 1508 955 1589 πρέσβεως,
977 1498 1193 1585 καταγελάσας

81 1594 103 1663 ό
127 1600 282 1682 βασιλεός
304 1606 361 1686 τῆς
383 1605 440 1667 rori
460 1608 636 1687 Βρυενυίου
658 1603 859 1690 δρασότητος
890 1601 992 1689 ἔργων
1015 1602 1193 1684 πολεμικόν

25 1757 29 1763 .
80 1700 145 1765 καί
169 1705 437 1788 στρατηγημάτων
466 1709 622 1788 ἐπιμελῶς
645 1704 768 1788 εἴχετο,
797 1704 852 1769 καί
882 1702 936 1791 την
958 1708 1015 1769 rod
1036 1701 1191 1788 τυρόννσα

30 1813 69 1866 15
82 1802 260 1868 κατόλυσιν
284 1805 454 1891 ου’θαρσοός
474 1807 687 1892 προηγόρευεν
706 1808 740 1870 ἐκ
758 1812 813 1890 τῆς
834 1800 901 1870 όνω
922 1804 1018 1891 ῥοπῆς
1036 1802 1095 1888 ικαί
1111 1806 1192 1883 βου·

81 1905 145 1985 λῆς
166 1904 221 1967 καί
241 1905 296 1988 τῆς
310 1908 397 1983 ι’δίας
418 1908 588 1990 εὐβουλίας
609 1909 665 1971 καί
683 1909 913 1992 γενναιότητος,
935 1906 988 1989 τῆς
1001 1906 1086 1987 νίκης
1108 1898 1192 1984 ἔχων

84 2004 217 2088 ἀψευδῆ
238 2003 276 2070 τό
302 2010 449 2092 ἐνέχυρα.
493 2007 573 2071 ἄλλό
600 2009 655 2071 καί
675 2004 704 2071 οἱ
737 2010 770 2071 ἐν
792 2007 875 2089 τέλει
899 2006 1011 2079 πόντος
1034 2006 1073 2068 δι’
1097 2002 1192 2087 όργῆς
1277 2032 1281 2042 ·

85 2106 276 2189 ἐποιήσαντο
306 2104 363 2189 την
390 2109 447 2171 rod
472 2111 645 2191 Βρυεννιόυ
669 2109 990 2192 αἰιατδρωπιλινκαί
1009 2102 1192 2189 ἆδιόκριτον

83 2203 226 2292 γνώμην,
246 2207 292 2292 μή
317 2209 532 2291 διακρίναντας
557 2206 613 2293 τήν
634 2232 667 2273 τε
688 2210 751 2272 τῶν
774 2206 937 2291 προγόνων
957 2211 1014 2273 rori
1034 2208 1191 2289 βασιλέως

35 2306 251 2391 λθεόγὲνειαν
274 2308 404 2394 κοίτην
427 2302 551 2375 ἄνωθεν
565 2313 827 2392 περιλάμπουοαι
850 2309 967 2387 ου’τοός
989 2312 1021 2375 όν
1041 2317 1107 2383 τοῖς
1131 2330 1190 2370 πο·

83 2416 226 2489 λεμικοῖς
243 2410 546 2495 όνδραγαδημασιν
581 2410 695 2495 α’ρετὴν
718 2410 771 2474 καί
801 2407 841 2475 τό
862 2409 943 2476 κατὰ
972 2407 1193 2493 τῶνόχδροότ

85 2515 293 2595 ἀγωνίσματα
328 2514 383 2575 καί
405 2517 639 2594 παλαίσματα,
664 2510 719 2576 καὶ
746 2509 802 2594 τήν
829 2511 931 2575 orirer?
951 2513 1009 2575 τοῦ
1032 2511 1193 2604 βασιλέως

86 2611 293 2699 λαμπρότητα
326 2612 382 2677 καί
400 2611 563 2697 όπεροχὴν
585 2616 619 2678 ἒν
646 2614 807 2695 όξιοόμασι
827 2615 882 2678 καί
901 2609 1083 2693 πολεμικοῖς
1102 2608 1192 2702 ἆγον-

86 2719 241 2798 νιόμασι,
275 2716 332 2780 κατ’
350 2711 385 2780 τό
408 2715 516 2798 α’γενὲς
537 2718 593 2800 τῆς
613 2710 731 2780 ἑαυτοῦ
754 2717 892 2802 φατρίας
921 2713 977 2779 καί
998 2710 1188 2798 συγγενείας.

87 3020 285 3074 controversias
304 3018 461 3087 plerumque
479 3020 604 3088 mitigans
624 3027 651 3071 et
669 3017 769 3071 bellica
793 3017 914 3084 pericula
932 3015 1095 3083 depellens·
1121 3032 1187 3068 oon.

87 3093 150 3144 cidit
168 3099 256 3142 autem
274 3099 329 3143 tum
349 3100 445 3158 sponte
464 3091 593 3156 Bryennii
612 3091 755 3141 tentorium
780 3097 851 3140 tecto
880 3089 937 3139 eius
966 3087 1097 3139 dissoluto
1117 3089 1187 3140 circa

34 3181 40 3194 ¹
86 3162 205 3214 manibus
223 3177 276 3214 non
304 3162 509 3230 apparentibus:
534 3163 560 3214 id
590 3162 660 3230 quod
678 3161 827 3231 eversionis
858 3161 914 3211 cius
942 3160 1046 3228 signum
1074 3157 1187 3211 infallax

23 3291 29 3303 ¹
86 3233 257 3301 prudentibus
278 3234 509 3302 cognoscebatur:
536 3250 594 3284 cum
615 3234 693 3284 ctiam
720 3230 857 3284 nonnullis
875 3230 969 3282 diebus
988 3238 1049 3282 ante
1068 3229 1186 3281 deiectio

88 3307 166 3357 lunae
185 3321 274 3357 casum
302 3307 358 3358 eius
379 3307 481 3371 etipsa
499 3305 696 3371 significasset:
726 3311 848 3372 spectare
869 3302 938 3354 enim
957 3301 1046 3353 lunam
1067 3301 1098 3351 ad
1118 3315 1185 3368 apo.
1246 3338 1248 3342 .

87 3385 165 3429 statas
185 3377 276 3427 dicunt
294 3379 339 3444 qrri
366 3385 468 3427 meatus
496 3376 623 3427 luminum
646 3376 726 3442 periti
752 3383 813 3426 sunt
842 3382 868 3426 et
894 3373 1084 3437 mathematici,
1104 3380 1185 3440 atque

87 3449 163 3499 buius
182 3449 353 3498 mutationem
372 3455 510 3515 apostatae
529 3448 701 3499 mutationem
721 3455 799 3498 antea
817 3446 949 3497 nuntiare.

183 3543 305 3594 Reverso
325 3553 413 3594 autem
431 3543 478 3595 tali
497 3543 588 3612 legato
607 3544 720 3595 irridens
741 3559 790 3596 rcx
808 3543 944 3594 audaciam
956 3539 1085 3607 Bryennii
1104 3539 1186 3592 rebus

86 3613 189 3666 bellicis
211 3621 238 3664 et
256 3613 355 3666 artibus
375 3615 454 3667 valde
474 3615 614 3679 studebat,
646 3623 673 3665 et
691 3615 800 3680 tyranni
819 3617 987 3666 eversionem
1006 3613 1075 3664 bono
1096 3612 1183 3662 animo

87 3684 263 3753 praedicebat,
283 3701 298 3735 e
316 3701 413 3751 supera
432 3687 569 3737 decisione
589 3695 615 3737 et
633 3685 773 3738 voluntate
793 3693 819 3736 et
835 3700 882 3736 suo
903 3683 1017 3736 consilio
1038 3691 1065 3734 et
1081 3681 1184 3734 nobili..

44 3789 46 3792 -
86 3765 138 3808 tate
163 3757 294 3807 victoriae
319 3756 419 3807 babens
443 3765 517 3808 certa
544 3757 665 3824 pignora.
715 3758 761 3809 sed
790 3757 867 3807 ctiam
899 3758 1068 3823 magistratus
1092 3768 1183 3805 omnes
1263 3769 1270 3780 ⁸

17 3871 46 3883 .,
87 3829 145 3880 irati
164 3835 240 3879 erant
264 3835 374 3894 propter
391 3827 520 3893 Bryennii
544 3829 732 3879 immanitatem
760 3836 787 3879 et
805 3830 935 3879 incertum
954 3826 1105 3889 consilium,
1125 3840 1183 3878 cum

87 3915 137 3952 nou
154 3901 327 3967 dignosceret
344 3899 473 3950 maiorum
488 3900 562 3966 regis
579 3899 747 3950 nobilitatem
769 3906 795 3949 et
814 3913 929 3964 superne
949 3897 1183 3950 circumlucentem
1237 3938 1239 3945 s

89 3985 133 4023 eos
156 3973 182 4022 in
202 3969 308 4022 bellicis
332 3971 454 4022 victoriis
484 3971 610 4021 virtutem
630 3978 656 4021 et
687 3970 830 4021 certamina
857 3979 884 4022 et
901 3969 1004 4038 proclia
1021 3977 1115 4021 contra
1133 3969 1183 4020 ad..

89 4045 217 4095 ternarios
236 4042 407 4105 instituenda,
428 4051 508 4109 atque
526 4043 610 4108 ipsius
620 4042 693 4108 regis
713 4039 883 4107 splendorem
903 4051 930 4094 et
948 4039 1136 4094 excellentiam
1154 4041 1183 4090 in

90 4113 256 4184 dignitatibus
276 4124 304 4168 ct
321 4113 430 4169 bellicis
447 4113 634 4168 certaminibus
649 4120 676 4164 ct
693 4111 890 4181 ignobilitatem
905 4129 969 4172 suae
982 4113 1074 4182 turpis
1089 4120 1118 4166 et
1132 4126 1182 4165 co-
