2834 4750
532 217 742 296 noronte.
1106 221 1184 305 edu

22 386 67 451 δὲ
94 386 187 465 τούς
225 384 424 473 ὁμοφύλους
444 385 714 472 ε’πιγουροόμενος
734 388 894 474 deputer,
927 387 1180 469 καίπολυιιδείς
1227 451 1232 456 .

25 486 262 572 ἀπαιτήσεις
298 490 353 553 καί
383 492 538 572 τιμωρίας
570 484 811 569 κατασκεδόζων
836 492 963 571 adedo,
985 494 1040 559 καί
1060 492 1181 575 μᾶλλον

24 588 114 663 τούς
143 593 281 667 ξένους
312 594 438 671 ξεομοίς
462 589 671 672 ὖποβόλλων,
690 591 730 655 ἵν’
753 592 787 653 ἐκ
809 593 872 655 τοῖν
894 588 1050 672 οωμότοον
1074 592 1182 660 adsit·

32 690 106 771 οὐχ
135 686 310 770 αἱμάτων
334 691 416 755 α’λλό
435 687 609 775 χρημάτων
634 690 829 779 α’νερευνήοη
848 694 960 777 πηγός.
1027 740 1032 744 -

10 800 19 848 't
143 785 191 857 ‘O
208 793 261 857 ’δὲ
278 791 489 876 Βοτανειότης
511 793 549 856 ου’
550 818 574 875 χ
597 785 709 872 οότως,
733 787 814 857 όλλοὶ
838 790 914 867 νοός
935 792 981 867 τίς
1003 788 1196 859 advento·

33 897 193 976 ρὲοντας
220 896 339 971 ξένους
357 887 378 977 ἢ
397 886 532 957 ἄλλοθέν
553 898 650 957 ποθεν
666 893 755 980 αότρῖ
776 898 1056 978 παρεμπίπτοντας
1069 894 1110 957 ου’
1119 890 1185 973 μό-

34 1015 96 1056 νον
124 990 372 1077 ἀτιμωρήτους
391 991 447 1056 καί
466 994 599 1077 α’ναφεϊς
618 996 864 1075 κατελίμπανον,
889 992 970 1057 α’λλό
992 994 1048 1057 καί
1067 992 1183 1077 δώροις

38 1096 149 1176 ἐτίμα
165 1094 235 1157 καί
258 1098 418 1175 μεγίστοις
440 1089 673 1178 περιλόμπροις
693 1101 759 1168 τοῖς
776 1091 946 1176 α’ξιοόμασι,
968 1095 1023 1159 καί
1041 1090 1184 1177 σιτήσεις

40 1196 219 1278 ἐχορήγει
259 1190 318 1277 τήν
346 1194 461 1277 χρείαν
488 1196 522 1257 ἐκ
544 1196 664 1257 πολλοῦ
692 1196 749 1258 τοῦ
774 1194 936 1277 περιόντος
963 1192 1099 1268 νικοόοας
1120 1192 1184 1257 ου’-

12 1298 127 1365 θτῶν.
182 1287 271 1359 ὅθεν
299 1296 355 1359 καί
376 1293 391 1359 ὁ
416 1294 555 1373 δικάζων
579 1289 761 1369 ἀδεκάστοις
792 1291 867 1372 θεός
902 1292 1008 1372 δεξιόν
1036 1291 1093 1377 τήν
1114 1296 1184 1377 ψή-

44 1418 116 1479 φου
143 1396 195 1483 τῷ
225 1398 338 1473 δεξιός
364 1397 521 1481 χρωμένῳ
554 1403 618 1470 τοϊς
638 1395 831 1478 ξπρόγμαοιν
858 1392 1085 1477 ε’πεβροίβευοε.
1128 1394 1185 1459 καί

49 1490 162 1577 ὅπως,
192 1485 263 1579 ήδη
288 1495 415 1582 ῥητέον.

161 1595 221 1661 Ἔν
242 1592 399 1673 τοιούτοις
420 1599 484 1661 τῶν
506 1598 698 1681 πραγμάτων
721 1590 983 1683 όμφιδοξοόντων
1004 1594 1103 1677 ἔξεισι
1128 1596 1183 1681 τής

52 1699 150 1773 ι’δίας
174 1696 306 1773 πόλεως
327 1696 343 1762 ό
369 1698 599 1783 Βοταυειότης,
627 1702 683 1783 τῆς
704 1697 785 1781 πρὸς
804 1696 862 1783 τήν
888 1699 1039 1779 βασιλίδα
1061 1693 1185 1785 ‹peped-

10 1804 41 1857 15
52 1824 118 1881 σης
149 1801 228 1880 μετ’
259 1793 421 1881 εὐψυχίας
454 1794 641 1882 ἁπτόμενος.
694 1797 751 1862 δόο
780 1802 815 1865 δὲ
844 1802 907 1865 τόν
934 1793 1185 1881 όποστροτήγαι
1230 1820 1231 1828 ’

57 1901 185 1980 αὐτοῦ,
212 1897 326 1982 κρότος
336 1898 423 1982 ἔχειν
440 1900 610 1981 πολεμικόν
625 1903 682 1965 καί
703 1903 825 1983 πλῆθος
843 1895 1071 1982 στρατιωτικόν
1091 1902 1308 1981 detortam

58 2001 256 2079 θυόμενοι,
290 1996 348 2083 τήν
370 1998 576 2084 ὑποχώρησιν
599 1998 738 2082 ἔκλεψαν
766 1998 822 2066 καί
851 1999 1033 2083 λιποταξίου
1055 1993 1184 2083 γραφήν

11 2123 14 2127 ⁴
62 2102 319 2183 ἀπηνέγκαντο,
343 2105 547 2182 πανταχόθεν
580 2094 706 2165 ἄπιστοι
735 2103 790 2163 καί
816 2098 988 2182 α’χόριοτοι
1008 2100 1063 2162 καί
1084 2098 1185 2180 α’γνω·

62 2199 221 2282 μοσύνης
244 2205 394 2284 φανέντες
418 2200 605 2280 οἷνόμεοτοι·
658 2208 699 2263 οδ
718 2200 780 2285 γὰρ
801 2200 952 2287 ρ’ήδηοαν
981 2194 1011 2263 οἲ
1032 2198 1185 2263 κακοδαί-

18 2304 168 2382 2ομονες
192 2301 265 2364 ov’d’
294 2305 339 2377 είς
363 2305 437 2366 νοῦν
469 2299 585 2383 ἔβαλον
606 2299 638 2365 τό
665 2301 721 2385 τής
743 2304 914 2385 δεηγορίας
935 2294 1117 2384 διόταγμα,
1141 2296 1185 2374 ὥς

65 2405 107 2466 οδ
129 2402 276 2482 σοόζεται
299 2403 449 2486 βασιλεὺς
473 2403 527 2468 διόι
544 2401 664 2486 πολλήν
685 2404 842 2484 δύναμιν·
891 2401 971 2466 α’λλδ
997 2400 1184 2468 transdoro-

68 2527 122 2578 τες
145 2503 233 2588 πρός
257 2502 315 2579 τός
348 2508 411 2570 τῶν
437 2504 587 2588 Τοόρκων
614 2504 824 2588 παρατάξεις,
856 2500 895 2567 αἳ
919 2502 962 2590 τῷ
983 2494 1182 2588 Βοτονειότη

68 2601 283 2695 ἐφήδρευον,
303 2604 359 2688 τήν
393 2606 474 2691 πρός
496 2602 595 2700 αὐτόν
616 2603 752 2690 στοργήν
780 2602 978 2688 ἐξωμόσαντο
1000 2603 1054 2671 καί
1073 2624 1185 2690 τερα·
1251 2627 1258 2642 ·

146 2781 175 2834 8.
195 2797 260 2856 μεγ.
281 2755 463 2855 καίπεριλῧί

75 2929 240 2998 superbiens
258 2929 421 2997 impotenter
432 2937 458 2980 ot
469 2928 558 2982 varias
576 2927 773 2996 postulationes
793 2935 819 2979 et
836 2941 938 2996 poenas
958 2927 1074 2980 fundens
1090 2923 1184 2980 torm

75 3004 221 3070 magisque
238 3002 397 3070 peregrinos
417 3015 517 3053 exuens
535 3008 566 3052 nt
585 3015 618 3051 ex
635 2999 793 3066 corporibus
814 2999 1122 3066 eorumnonsangninis
1135 2997 1184 3052 red

78 3075 215 3140 pecuniae
232 3075 371 3140 indagaret
383 3074 481 3125 fontes.

182 3169 235 3222 Sed
251 3169 405 3236 botoniates
424 3186 478 3222 non
505 3171 560 3222 itae
580 3169 627 3223 sed
649 3183 711 3232 eos,
739 3168 785 3238 qui
804 3167 837 3220 ad
855 3183 914 3220 eum
935 3165 1080 3240 effluebant
1101 3179 1185 3234 pere.

81 3243 164 3311 grini,
185 3240 231 3293 vel
250 3243 358 3295 aliunde
378 3243 405 3294 in
425 3259 483 3294 eum
503 3241 665 3302 incidebant,
683 3254 737 3291 non
757 3239 843 3293 solunt
863 3238 1020 3291 incolumes.
1034 3245 1061 3290 et
1070 3238 1186 3292 intactos

85 3313 270 3383 relinquebat,
290 3315 336 3366 sed
356 3316 434 3366 etiarn
454 3315 531 3366 donis
550 3312 699 3364 honorabat
720 3321 746 3363 et
764 3313 885 3364 maximis
905 3319 932 3362 et
949 3308 1099 3362 illustribus
1123 3307 1185 3376 dig.

81 3386 223 3449 nitatibus,
244 3394 271 3437 et
289 3385 415 3437 alimenta
433 3385 579 3454 praebebat
599 3391 745 3453 egestatem
765 3399 856 3435 eorum
874 3382 957 3451 longe
980 3381 1143 3450 superantia.

185 3481 361 3544 Quamobrem
381 3484 460 3534 etiam
479 3484 598 3535 iudicans
618 3482 774 3548 incorrupte
793 3482 858 3534 deus
885 3480 1005 3532 deutrum
1031 3477 1185 3546 suffragium

84 3555 178 3606 dextre
197 3567 246 3602 nso
266 3552 346 3603 rebus
365 3554 467 3618 tribuit,
485 3563 576 3622 etque,
595 3561 624 3604 ut
641 3554 692 3604 iem
709 3553 807 3604 dietum
828 3561 883 3617 est,
903 3551 1022 3604 in'tanto
1041 3551 1185 3602 incertitu-

84 3626 146 3677 dine
166 3622 247 3675 rebus
267 3624 437 3676 versantibus
457 3627 593 3693 egreditur
614 3639 663 3677 sue
680 3625 747 3676 urbe
767 3625 932 3689 Bolaniates,
953 3623 1022 3675 viam
1042 3621 1074 3675 ad
1092 3621 1185 3673 urbem
1256 3658 1259 3674 ,

86 3698 216 3748 ferentem
235 3694 305 3745 bono
324 3697 412 3746 animo
431 3704 535 3748 tenens.
572 3698 731 3748 dueentem
760 3697 931 3748 centuriones
956 3695 1014 3746 eius
1039 3694 1185 3761 potentium

84 3767 210 3819 bellicam
230 3773 257 3817 et
274 3765 469 3818 multitudinem
488 3768 629 3820 militarem
647 3783 678 3820 se
697 3767 798 3819 habere
809 3767 957 3836 gloriantes
976 3765 1043 3818 olant
1059 3777 1185 3818 recessu.

85 3847 146 3890 rnnt
165 3845 191 3889 et
209 3840 278 3889 aciei
297 3837 410 3888 relictae
432 3855 537 3891 causam
555 3846 735 3906 reportarunt,
756 3839 855 3908 ubique
880 3839 954 3890 inlidi
980 3846 1007 3888 et
1031 3838 1130 3906 ingrati
1157 3844 1186 3888 et

87 3911 223 3976 pravitatis
249 3916 408 3978 apparentes
429 3909 520 3976 pleni:
540 3927 628 3978 noque
648 3911 717 3960 euim
736 3918 862 3977 putarunt
878 3910 988 3962 infausti
1006 3925 1095 3978 neque
1122 3907 1183 3960 arti.

87 3982 284 4034 madvertorunt
303 3982 411 4034 divinae
432 3983 560 4033 orationis
586 3982 850 4047 determinationem,
877 3997 931 4034 non
959 3983 1061 4034 servari
1090 3992 1183 4050 regem

90 4061 195 4119 propter
216 4052 323 4106 multam
342 4054 506 4120 potentiam:
527 4053 573 4105 sed
593 4052 677 4105 timidi
695 4054 823 4106 adversus
843 4053 984 4107 lurcorum
1004 4054 1120 4120 ordinet,
1136 4051 1183 4122 qui

90 4123 243 4180 botaniatae
256 4125 458 4193 insidiabuntur,
479 4127 536 4182 eins
550 4140 667 4181 umorem
686 4125 859 4182 eiurnreruot
878 4135 905 4182 ot
921 4126 1071 4198 proditores
1081 4128 1184 4206 iurum·
