2834 4750
91 1523 447 1612 WLADIMIRI
492 1528 768 1616 BRUNurr
815 1535 899 1618 DE
944 1535 1185 1625 PRESLE

497 1745 779 1820 PRAEFATIO.

89 2236 369 2358 Duodeviginti
398 2252 471 2322 iam
499 2252 610 2348 elapsi
632 2266 719 2326 sunt
744 2253 830 2324 anni
859 2278 900 2323 ex
928 2279 1026 2350 quo,
1050 2256 1096 2328 ad
1123 2284 1193 2329 no·

91 2398 171 2459 ram
200 2367 360 2458 Cedreni
386 2386 587 2466 editionem
627 2385 881 2459 adornandam
916 2388 1064 2462 hortatu
1100 2389 1193 2462 dite-

91 2512 241 2583 ctissimi
271 2512 432 2609 magistri
454 2509 491 2583 C.
514 2513 551 2581 Β.
578 2512 675 2582 Hasii
690 2512 729 2582 V.
749 2509 799 2581 (ΙΙ.
829 2499 994 2584 codicem
1020 2538 1190 2611 graecum
1224 2513 1230 2525 ⁴

90 2636 339 2707 bibliothecae
364 2635 624 2733 Imperatoriae
640 2637 849 2711 Parisiensis
868 2638 1073 2738 inspicienti
1088 2639 1194 2733 mihi,

93 2767 182 2834 ecce'
205 2761 366 2833 ineditus
393 2786 462 2833 nec
481 2761 792 2833 contemnendus
825 2786 901 2832 sese
936 2764 1069 2834 obtulit
1103 2764 1193 2835 scri·-

91 2902 191 2984 ptor‚
217 2888 319 2959 ouius
343 2872 414 2984 ope
441 2896 498 2958 res
522 2900 641 2983 gestae
667 2886 855 2959 undecimi
882 2888 992 2959 seculi
1031 2902 1067 2958 et
1093 2888 1191 2967 litte·

91 3038 214 3085 rarum
240 3013 393 3083 historia
416 3036 547 3084 noram
576 3013 693 3083 lucem
720 3012 886 3108 accipere
910 3011 1191 3085 mihirideban-
1254 3107 1258 3116 ι

90 3153 159 3210 tur.
211 3138 385 3233 Isrcodex
412 3118 575 3233 optimae
602 3152 721 3228 notae,
745 3140 1060 3229 membranaceae,
1079 3141 1189 3211 seculi

92 3262 317 3354 duodecimi,
346 3264 700 3335 olimbibtiothecae
718 3260 975 3357 coislinianae,
1001 3288 1098 3336 nuno
1115 3264 1190 3336 lm-

93 3389 387 3486 peratoriae,No.
400 3392 469 3461 136
483 3390 926 3485 interSangermanenses,
938 3391 1057 3485 prima
1071 3390 1190 3462 fronte

90 3515 241 3586 exhibet
254 3514 444 3586 historiam
463 3513 610 3585 loannis
623 3514 798 3610 Scylitzae
822 3499 1066 3609 europalatae‚
1089 3516 1191 3586 ouius
1272 3587 1276 3598 ,

92 3640 292 3712 lectionum
303 3641 513 3712 varietatem
535 3634 623 3712 tunc
649 3642 730 3710 misi
760 3639 806 3712 ad
819 3640 1058 3739 clarissimum
1072 3640 1187 3712 virum

19 3761 22 3767 ’
91 3767 197 3836 Imm.
218 3765 416 3837 Behherum
444 3763 622 3837 editorem
652 3765 825 3837 historiae
852 3762 1008 3835 Cedreni
1035 3790 1077 3836 ao
1102 3766 1190 3863 Scy-

90 3892 220 3983 litzae,
249 3914 344 3987 quae
375 3889 520 3962 duobus
548 3892 795 3962 voluminibus
828 3887 966 3985 prodiit
989 3873 1136 3962 Bonnae
1157 3916 1188 3961 a.

95 4018 202 4090 1838.
230 4015 402 4112 Sequitur
429 4016 489 4086 tol.
508 4017 576 4087 167
594 4039 697 4087 verso
726 4013 853 4087 eadem
881 4038 993 4087 mauu
1008 4029 1189 4089 exaratum

97 4140 198 4215 aliud
226 4166 318 4239 opus
343 4141 557 4239 inscriptum
583 4141 649 4213 sic:
978 4123 982 4133 ⁸
