2834 4750
229 252 312 331 ooo·
509 253 729 326 mouture
760 212 1026 328 arrluoras

231 445 322 508 κητος
341 424 398 486 καί
417 413 537 502 ἷβστος
557 415 607 505 ἦν.
650 416 696 496 τίς
719 422 747 487 δ’
765 419 929 507 όφόνησαν
952 417 1021 485 τότε
1040 417 1078 484 τό
1109 422 1169 502 τῆς
1194 417 1348 500 ‘Pouet‘-

230 526 287 607 κῆς
307 524 507 606 δπικραττιλις
527 519 681 607 ἐπίσημα,
703 524 823 599 πόντος
858 522 940 604 όμοῦ
965 520 1039 597 τούς
1060 523 1270 599 Βυζαντίους
1304 525 1348 597 είς

230 625 352 707 θύρσος
372 627 481 706 μεῖζον
505 624 562 688 καί
587 626 673 709 νίκης
701 624 818 691 ε’λπίδα
849 627 1047 709 δπέλθησαν,
1067 617 1118 687 ότι
1138 620 1198 685 καί
1220 620 1261 685 αἱ
1281 648 1346 687 πα-
1401 644 1402 681 t

229 724 335 811 ρόλιοι
355 724 464 802 πόλεις
484 718 608 791 όπασαι
628 726 701 803 τούς
723 728 783 789 τού
803 725 1018 791 Βοτανειότου
1040 722 1160 803 πεζούς
1181 720 1346 807 στρατιαί.
1401 798 1402 805 ¹

231 852 291 906 τας
320 829 595 912 παραγενομένους
623 825 776 909 εύθύμοος
805 830 968 910 ἐδέξαντο,
989 823 1026 888 τό
1051 848 1087 888 τε
1118 828 1185 889 τῶν
1219 826 1371 892 florosa

231 920 316 996 dors
339 925 396 993 καί
412 919 449 992 τό
467 928 502 991 δν
525 930 698 1018 Πραινὲτῳ
722 928 778 993 καί
798 924 879 1012 sdes}
904 926 1117 1010 Νεκομὴδεια,
1142 918 1185 1009 ἧς
1205 924 1226 988 ό
1245 950 1347 1007 στρα-

230 1030 325 1115 τηγός
359 1026 421 1112 πρό
453 1031 511 1109 τῆς
542 1031 681 1103 Νικαίας
707 1029 752 1117 τῷ
782 1028 980 1115 Βοτονειότη
1013 1022 1094 1106 μετό
1128 1030 1346 1108 περιχαρείας

232 1129 419 1214 ἀπήντησεν.
440 1126 518 1190 odoi
539 1125 574 1191 τό
597 1131 632 1193 όν
646 1127 887 1214 Ῥουφινιαναϊς
897 1124 1068 1209 πολίχνιον,
1094 1122 1348 1209 καρτερώτατον
1401 1168 1402 1213 3

232 1228 287 1295 καί
308 1226 561 1312 δυσμαχώτατον
580 1222 618 1291 όν
637 1231 693 1291 καί
712 1225 815 1309 στόμα
835 1229 891 1310 τῆς
916 1226 1162 1308 μεγαλοπόλεως
1185 1224 1343 1309 κείμενον,

233 1328 390 1415 φροντίδα
411 1330 469 1392 τού
500 1325 640 1411 Μιχαὴλ
670 1325 724 1395 διό
746 1326 804 1411 τὴν
823 1324 903 1409 πρός
928 1323 984 1411 τὴν
1004 1324 1162 1406 βασιλίδα
1185 1322 1344 1409 ἐγγύτητα
1356 1314 1402 1409 lt}

232 1428 288 1493 καί
308 1430 497 1511 προσέχειαν
520 1425 622 1511 ἔθετο,
645 1428 724 1493 α’λλό
749 1432 805 1493 καί
825 1425 944 1503 αύτούς
966 1426 1092 1504 πεζούς
1106 1425 1219 1489 ednod
1244 1450 1346 1509 στρα-
1401 1416 1402 1471 l

232 1525 350 1602 τιυότας
368 1524 454 1601 ἐντός
473 1526 657 1606 ύπεδδξατο.
709 1520 765 1593 καί
795 1532 837 1593 δι’
856 1530 964 1612 όλίγον
996 1526 1050 1591 καί
1067 1525 1252 1609 α’καριαίου
1277 1552 1347 1593 και-
1401 1570 1402 1603 3

233 1629 294 1712 ρού
311 1625 416 1691 πιόντα
438 1625 479 1689 τό
498 1629 555 1712 τῆς
588 1625 707 1695 όκείνον
731 1628 883 1713 αἱρέσεως
903 1625 1157 1715 ἐπληρώθησαν,
1182 1632 1246 1693 καί
1268 1628 1343 1711 πρός

233 1724 328 1792 αύτόν
347 1729 436 1791 πᾶσα
458 1724 566 1812 ἡλικία
586 1730 641 1797 καί
661 1727 762 1815 φύσις
784 1732 944 1812 μετέθετο.
997 1721 1080 1792 νότον
1107 1727 1189 1793 θεία
1210 1753 1265 1803 τις
1288 1728 1341 1792 δύ·

231 1852 327 1911 ναμις
347 1825 465 1905 πόντος
482 1829 625 1894 συντίθει
646 1829 702 1895 καί
723 1829 873 1915 συνήργει
894 1830 971 1915 πρὸς
997 1832 1053 1914 τὴν
1074 1831 1132 1893 τού
1157 1830 1371 1913 ἐρχομένους.
1401 1816 1402 1839 λ

231 1934 389 2014 βασιλέως
410 1932 587 1997 οίκειλνσιν·
630 1932 702 1997 ἐπεί
719 1934 775 1996 καί
801 1928 831 1995 οἱ
852 1936 928 2017 περί
953 1928 1011 1996 τόν
1028 1929 1251 2014 βασιλεύοντα
1272 1936 1341 1995 Mu·
1401 1922 1402 1977 l

231 2032 334 2116 χαὴλ,
365 2035 399 2113 d}
418 2027 493 2097 όταν
510 2056 568 2117 περ
598 2030 628 2098 οἱ
653 2036 711 2099 τού
733 2031 947 2098 Βοτανειότου
977 2030 1035 2117 την
1066 2023 1162 2095 πόλιν
1194 2036 1341 2097 κατεῖδον

233 2136 373 2210 κδκεῖνος
389 2132 602 2220 σροσὴγγισε,
631 2136 692 2201 τῶν
714 2138 775 2198 τού
794 2136 974 2219 Βρυεννιόν
1005 2134 1085 2198 sord
1108 2158 1199 2209 τινας
1224 2139 1341 2215 ξυμβο.

234 2230 294 2308 tic
313 2230 400 2318 παρό
422 2235 616 2318 προσδοκίαν
631 2240 853 2319 περιεγίνοντο.
874 2231 1068 2317 στρατιώτας
1090 2233 1151 2318 γόρ
1178 2234 1341 2319 δ’Βρυίν-
1401 2224 1402 2305 λ

236 2358 301 2411 νιος
331 2335 520 2412 α’ποστειλας
548 2337 594 2412 εἷς
620 2336 675 2421 τὴν
705 2337 761 2420 τῆς
785 2337 928 2414 Κυζίκου
959 2334 1157 2422 χερρόνησον
1190 2336 1250 2418 τῆς
1280 2333 1376 2401 ου’-οδ

235 2441 289 2521 τῆς
316 2441 376 2517 μὲν
405 2435 564 2522 ὑποταγῆς
595 2440 741 2519 insepulto
769 2434 843 2511 τούς
865 2435 1040 2518 ἐγχωρίους
1063 2437 1267 2519 ποιήσασθαι
1290 2439 1344 2502 καί
1401 2511 1402 2514 ¹

236 2540 456 2624 δασμοφορεῖν
484 2537 601 2615 αύτούς
632 2529 764 2623 ἤρξατο·
818 2539 928 2614 στόλος
962 2538 990 2601 d'
1017 2537 1052 2600 ίκ
1083 2539 1137 2622 τῆς
1170 2541 1340 2617 βασιλίδος
1401 2521 1402 2582 λ

235 2637 426 2720 καταλαβών
446 2639 579 2713 τούτους
608 2643 865 2726 κατεπολέμησε,
889 2643 943 2702 καί
963 2637 1100 2713 πολλούς
1118 2641 1182 2703 τῶν
1205 2641 1243 2704 ἐκ
1264 2643 1339 2703 Ko-

307 2799 337 2882 3ἶ
357 2797 499 2870 ἠρέθισαν
516 2800 659 2869 interpres.
746 2797 814 2856 duel
922 2801 963 2852 11.
985 2793 1053 2855 oded
1072 2793 1138 2860 τούς
1153 2799 1211 2856 sni
1300 2803 1340 2856 13.
1401 2783 1402 2818 ³

305 2871 353 2939 τα]
373 2867 475 2924 adut?
1401 2879 1402 2882 η

238 3019 356 3073 nationis
375 3019 502 3090 insignia,
522 3035 615 3074 omnes
633 3019 711 3074 simul
730 3019 877 3086 Byzantios
896 3019 929 3071 ad
947 3019 1060 3072 animum
1086 3021 1213 3072 maiorem
1241 3027 1274 3084 et,
1294 3023 1338 3074 vi.
1401 3025 1402 3034 ¹

237 3092 339 3144 ctoriae
357 3106 429 3160 spem
457 3094 622 3156 excitarunt,
647 3094 709 3160 quia
737 3093 814 3143 etiam
838 3093 985 3142 maritimae
1009 3091 1088 3144 urbes
1114 3107 1205 3143 omnes
1233 3094 1338 3160 pedites
1401 3097 1402 3108 ¹

179 3162 182 3173 '
235 3164 394 3217 botoniates
411 3163 511 3216 milites
530 3165 705 3216 advenientes
724 3163 841 3215 libenter
860 3171 1039 3230 exceperunt,
1059 3161 1184 3229 Pylarum
1211 3166 1336 3232 oppidum

241 3243 268 3287 et
280 3234 403 3287 Praeneti
424 3243 451 3287 et
468 3235 699 3302 ipsallicodemia‚
720 3235 795 3286 ouius
815 3235 868 3286 dux
881 3241 942 3285 anto
956 3233 1081 3286 Nicaeam
1100 3235 1260 3288 Bolaniatae
1280 3253 1337 3288 cum

236 3307 319 3359 multo
345 3307 442 3376 gaudio
469 3306 595 3358 obvenit:
620 3322 708 3374 neque
729 3307 863 3373 oppidum,
883 3306 954 3373 quod
979 3314 1020 3358 est
1047 3306 1075 3356 in
1101 3303 1266 3372 dudilonis,
1293 3309 1338 3359 lir.

236 3379 380 3431 missimum
400 3386 428 3429 et
445 3379 558 3429 maxime
578 3376 760 3445 impugnabile
781 3385 808 3428 et
829 3392 858 3429 os
877 3376 1056 3444 megalopolis
1074 3379 1206 3429 rationem
1219 3379 1338 3432 blicbae.

237 3450 272 3502 lis
290 3447 423 3513 babebat,
452 3449 515 3517 quia
536 3462 621 3516 prope
638 3448 731 3500 urbem
753 3456 787 3499 et·
800 3448 825 3498 ei
847 3449 1016 3500 coniunctum
1038 3457 1108 3506 erat:
1140 3449 1188 3499 sed
1215 3457 1245 3501 et
1267 3452 1337 3517 ipsos

236 3521 341 3589 pedites
362 3521 419 3572 eius
437 3519 537 3582 milites
555 3521 627 3572 intus
644 3521 759 3588 recepit.
785 3527 864 3588 atque
882 3535 1062 3587 perpaucum
1081 3527 1109 3571 et
1126 3520 1211 3572 breve
1238 3529 1337 3588 tempus

237 3592 326 3644 omnia
345 3592 403 3642 eius
422 3593 505 3658 partis
524 3590 634 3658 impleta
651 3599 722 3656 sunt,
743 3599 768 3643 et
786 3592 819 3642 ad
839 3608 898 3650 eum
916 3593 1001 3644 omnis
1015 3599 1087 3644 aetas
1108 3599 1135 3642 et
1146 3598 1245 3642 natura
1266 3601 1336 3644 tran.
1401 3653 1402 3656 Ἴ

236 3664 324 3717 aibat:
342 3664 380 3715 ita
398 3663 489 3714 divina
508 3663 636 3732 quaedam
655 3663 697 3714 vis
717 3678 809 3715 omues
830 3663 967 3729 premebat
985 3671 1012 3714 et
1031 3662 1199 3714 conducebat
1217 3664 1251 3715 ad
1268 3666 1336 3732 regis

236 3736 372 3788 venientis
400 3735 633 3786 coniunctionem:
662 3735 875 3801 quandoquidem
910 3736 988 3786 etiam
1014 3737 1059 3802 qui
1085 3735 1157 3787 eirea
1184 3744 1337 3802 regnantem

161 3870 166 3876 g
238 3805 398 3859 llicbaelem
421 3812 514 3869 eraut,
542 3821 575 3856 ex
601 3820 652 3872 quo
670 3805 827 3857 Botaniatae
851 3807 951 3857 mitites
975 3805 1078 3868 urbem·
1096 3815 1297 3873 conspexerunt
1314 3813 1337 3855 et

237 3875 286 3927 ille
297 3878 533 3945 appropinquavit,
552 3876 670 3942 Bryenni
689 3875 789 3928 milites
808 3876 963 3944 quibusdam
983 3876 1096 3943 proeliis
1115 3884 1223 3944 praeter
1243 3893 1336 3944 exspe-

237 3948 381 3998 ctationem
400 3947 575 4014 superabunt:
586 3947 694 3998 ,milites
714 3949 784 3999 enim
793 3948 944 4013 Bryermius
963 3949 1071 4000 mittens
1089 3949 1117 4000 in
1128 3947 1223 4014 Cynici
1243 3950 1336 4015 penin-

238 4014 322 4068 sulam
341 4017 369 4068 iu
392 4019 501 4070 eandem
521 4019 648 4071 ditionem
668 4019 790 4071 studebat
807 4018 910 4072 incolas
931 4020 1055 4087 redigere
1078 4027 1104 4071 et
1117 4018 1264 4086 vectigalia
1281 4021 1336 4071 exi.

239 4100 307 4156 gere
327 4086 360 4136 ab
379 4088 413 4138 iis
434 4091 539 4154 eoepitr
557 4089 653 4148 elassis
672 4098 760 4142 autem
779 4106 812 4142 ex
827 4090 898 4142 'urbe
917 4091 1064 4144 adveniens
1082 4090 1131 4142 hos
1150 4088 1299 4142 debellavit
1314 4097 1336 4142 et

242 4155 342 4215 multos
360 4155 511 4224 Gysiosnos
529 4161 651 4215 relerens
670 4162 776 4229 privata
795 4169 844 4237 *est
862 4161 905 4217 bis
930 4163 963 4216 ad
982 4161 1044 4216 litus
1063 4161 1252 4218 nBoteniutae
1269 4160 1338 4214 mili.
