2834 4750
501 325 709 400 msroan
917 431 922 439 ἢ
1084 331 1158 406 εει

34 488 107 550 τεόν
143 485 291 571 Μιχαὴλ
314 489 408 553 τοῦτο
415 493 620 577 πεποιηκεν·
672 493 741 557 ἀλλ’
787 494 1076 577 έπαναγνιοσδέν’
1059 521 1094 563 εν
1120 458 1160 585 τῇ

35 581 201 675 ἐκκλησίᾳ
225 590 266 685 ου’
286 584 384 670 μόνον
406 591 625 715 εάχοριστιλιν
637 591 694 656 oria
716 585 865 676 ἤνεγκεν,
885 594 966 658 ἀλλὰ
990 623 1044 662 και
1040 591 1173 681 ἀβριν-

36 688 132 776 αάτῷ
156 680 245 774 πρός
265 689 390 756 πόντων
411 692 466 758 κατ’
486 691 720 777 ἀναισχύντους
743 691 853 780 φωνάς
876 699 1069 782 προεξένησε.
1105 701 1161 762 καί

36 784 53 850 ό
81 793 269 874 Βρυέννιος
301 793 336 856 dl
367 797 500 858 τοιαῦτα
537 792 636 858 πολλοὶ
674 797 898 876 διεπέμψατο·
952 798 1021 860 ἀλλ’
1053 798 1159 873 οάδιός

9 895 232 975 5προσέσχεν
252 894 386 974 ξαότοϊς,
416 895 519 959 καίτοι
557 899 613 980 τῆς
642 894 762 971 πόλεως
791 899 894 979 ἀγχοά
924 900 1158 978 καθισταμένου

36 991 147 1058 αάτοά
172 991 210 1058 έν
231 994 333 1077 ι’σχόι,
357 993 411 1062 καί
433 998 612 1077 δυναμένου
634 1003 698 1071 τοῖς
722 992 812 1061 ένδον
827 1001 1160 1082 παραβοηδῆσαιτο-

35 1096 153 1178 χέως,
190 1097 224 1160 εἰ
248 1093 324 1178 πρὸς
348 1091 447 1184 αότόν
465 1097 674 1178 ,ἀποκλιλοιεν
733 1089 813 1163 ὅπου
836 1099 871 1163 δέ
894 1096 927 1164 τό
953 1105 1042 1164 θεῖον
1064 1123 1161 1164 συνε-

37 1199 216 1261 πινένευκε
239 1196 293 1261 διά
317 1194 375 1280 τόν
398 1199 512 1262 τοότου
533 1197 650 1282 ἀρετην
672 1202 729 1264 καί
754 1201 963 1286 χρηστότητα,
985 1197 1085 1267 έκεῖσε
1107 1198 1162 1265 κατ’

39 1295 58 1378 ἡ
84 1300 153 1363 τόόν
178 1296 364 1381 ἀνθρώπων
386 1297 470 1382 όρμη
494 1300 548 1364 κατ’
569 1301 698 1383 δέλησις
719 1305 870 1387 βέβηκεν,
892 1301 1045 1375 ἀπλανεῖς
1068 1302 1161 1385 ἑχόν-

10 1413 109 1465 θτοον
139 1393 221 1474 ’τοός
245 1400 453 1485 χαρακτῆρας
485 1402 542 1483 τῆς
562 1403 617 1466 rori
647 1400 766 1487 ἀνδρός
786 1400 916 1490 φόσεοός
937 1427 970 1468 τε
999 1406 1054 1470 aot*
1077 1401 1162 1489 πρό-

39 1503 135 1574 ξεοος.
534 1518 542 1536 “
1087 1564 1093 1572 .

149 1601 247 1686 Πρὸς
269 1605 369 1667 ταῦτα
393 1605 507 1688 συνῆκε
528 1606 587 1685 μέν
619 1603 791 1688 όζκρατιάν
815 1605 983 1687 ου’όαμοάς,
1008 1605 1084 1671 οάδέ
1104 1604 1162 1680 τοὶς
1242 1635 1245 1640 ·

44 1705 329 1787 παραδοξοποιίας
350 1698 472 1780 ταότας
494 1705 541 1779 εἰς
561 1708 636 1768 νοόν
658 1703 825 1789 ἀνήνεγκεν
857 1706 1084 1790 ἰσχυρότερον,
1106 1706 1161 1770 καί

43 1804 143 1867 &aluo
167 1799 282 1888 ’όμφην
305 1795 327 1886 ἢ
350 1807 453 1889 κρόσιν
476 1806 541 1870 τεόν
573 1799 656 1870 οότιο
679 1807 919 1888 συντρεχόντων
941 1803 1083 1890 ἡγήσατο
1104 1803 1162 1889 την

9 1906 237 1987 όέπόρροιοιν·
280 1902 360 1968 ἀλλά
382 1903 474 1985 μόων
496 1904 616 1968 εόσανεό
634 1903 709 1981 τοός
729 1909 784 1990 τῆς
804 1908 946 1979 διανοίας
970 1903 1171 1990 όφθολμοός,
1206 1917 1219 1932 ’

43 2002 247 2087 ι’ταμοότερός
270 2028 335 2079 πως
357 2006 476 2086 ἐγένετο
499 2009 554 2069 κατ’
569 2003 718 2083 ἀντόξους
740 2013 808 2082 τοῖς
840 2009 1017 2090 πράγμασι,
1039 2007 1162 2085 μᾶλλον

47 2106 84 2167 δέ
107 2111 184 2181 ταῖς
216 2106 249 2169 έκ
275 2107 334 2169 τοῦ
369 2107 460 2170 θείου
493 2108 704 2185 συμβολικαῖς
728 2108 909 2184 ἐπιδείξεσι.
960 2111 1016 2171 κατ’
1037 2103 1076 2170 cd
1100 2108 1159 2184 μέν

45 2199 171 2269 ἄλλοτ’
158 2199 222 2271 όσα
249 2209 469 2289 μειρακιωδῶς
502 2210 719 2288 διεσκέπτετο,
756 2211 983 2291 συντρέχοντος
1017 2210 1050 2271 έν
1081 2207 1161 2271 τιάσι

47 2302 242 2393 Νικηφόρον
263 2311 334 2373 τοῦ
341 2310 512 2392 λογοθέτου
535 2310 592 2373 τοά
622 2308 768 2428 δρόμου,
790 2304 1057 2393 μηχανορράφοις
1076 2331 1160 2374 τισιν
1246 2329 1254 2341 ’

10 2401 68 2489 λθη
91 2406 307 2493 ἀστρονόμοις
323 2434 375 2475 και
400 2411 567 2493 διοσημίας
587 2408 675 2484 τινός
697 2411 977 2492 ἐπαγγελλομένοις
1001 2409 1056 2473 unt*
1078 2412 1160 2493 ἀφι-
1226 2458 1233 2469 ,

48 2509 226 2592 δρυμάτων
256 2508 468 2597 προρρήσεσιν
490 2514 523 2575 έκ
555 2514 689 2575 τελετιάν
718 2512 925 2596 προσανέχοον
946 2534 999 2573 και
994 2507 1160 2594 ““δημοκό-

47 2632 120 2684 ποις
142 2604 412 2694 ἢδεισιδαιμοσι,
436 2616 536 2696 λέγειν
549 2615 616 2689 1νόν
631 2608 777 2697 περιττόν
799 2608 854 2676 κατ’
874 2600 1007 2696 ἀκαιρον
1027 2605 1159 2695 ἥγημαι·

49 2704 113 2776 diro
139 2712 170 2773 δ’
194 2713 229 2777 έκ
251 2715 308 2778 τοό
332 2716 512 2801 προφανοῦς
543 2712 707 2799 έτυράννει
740 2709 797 2778 κατ’
826 2711 1003 2799 βιαιότερον
1034 2706 1058 2797 ἢ
1079 2712 1158 2779 nard

53 3033 110 3069 non
133 3026 192 3073 eata
222 3024 397 3083 praevertens
427 3018 495 3068 enim
515 3019 659 3085 imperator
677 3014 793 3067 llichael
818 3013 870 3065 boc
891 3014 971 3066 fecit.
993 3016 1042 3067 aed
1057 3032 1160 3067 renun-

53 3091 139 3141 tiatae
161 3092 342 3141 inconvento
359 3105 413 3141 non
432 3088 517 3140 solum
538 3097 641 3156 gratum
660 3088 775 3137 animum
793 3099 848 3136 non
870 3084 999 3148 tulerunt,
1017 3087 1064 3137 ded
1083 3089 1162 3138 etiam

54 3159 201 3213 ludibrium
227 3159 252 3210 ei
282 3159 314 3211 ab
346 3161 467 3213 omnibus
493 3168 520 3210 et
546 3159 714 3226 impudentes
739 3171 822 3209 voees
848 3155 1035 3207 conciliarunt
1082 3165 1162 3225 atque

54 3231 211 3297 Bryenniuo
236 3231 305 3284 tales
334 3231 430 3285 multas
457 3232 543 3282 misit:
577 3230 624 3282 sed
650 3243 728 3281 nemo
763 3244 851 3279 earum
878 3229 1009 3279 rationem
1038 3228 1161 3292 habebat,
1244 3258 1248 3262 -

56 3318 218 3372 quamquam
239 3317 331 3384 prope
357 3303 449 3355 urbem
478 3301 564 3355 stabat
584 3299 686 3352 validus
708 3307 735 3350 et
752 3307 858 3366 poterat
882 3301 916 3350 iio
933 3301 979 3367 qni
997 3301 1068 3351 intua
1089 3306 1164 3351 erant

56 3375 161 3425 auxilio
183 3373 277 3425 venire
287 3374 434 3438 celeriter,
454 3374 477 3425 ai
496 3374 529 3425 ad
550 3388 609 3422 eum
627 3370 810 3422 deflecterent.
831 3370 877 3420 nbi
894 3380 982 3421 autem
1000 3386 1097 3421 numen
1119 3371 1163 3421 di.
1182 3404 1185 3408 «

56 3446 150 3495 vinum
169 3444 261 3494 adnuit
287 3454 396 3511 propter
414 3444 492 3497 huius
511 3446 637 3496 virtutem
665 3450 692 3493 et
712 3441 868 3505 utilitatem,
888 3442 955 3493 illuc
975 3444 1053 3494 etiam
1073 3441 1162 3493 homi-

55 3531 119 3566 num
138 3517 253 3579 impetur
274 3524 301 3567 et
318 3516 442 3568 voluntas
467 3514 535 3566 abiit
551 3508 641 3569 finnus
664 3514 817 3565 habentium
836 3515 961 3565 notiones
979 3522 1091 3575 naturae
1110 3513 1163 3566 viri

57 3594 84 3637 et
102 3585 227 3638 aetionis.

159 3680 232 3732 llaec
252 3682 336 3748 igitur
354 3682 540 3734 animadvertit
558 3685 703 3751 imperator
729 3696 897 3750 nequaquam
915 3697 1005 3749 neque
1023 3681 1090 3731 baec
1108 3681 1161 3731 mi.

59 3753 152 3806 rocula
171 3754 203 3805 ad
224 3761 340 3803 mentem
367 3751 461 3804 retulit
486 3754 628 3806 firmiorem
658 3769 748 3820 neque
766 3753 883 3806 divinam
907 3767 1002 3804 vocem
1023 3751 1070 3802 vel
1088 3752 1161 3803 iudi.

61 3827 130 3875 cium
150 3839 256 3888 eorum,
283 3838 351 3892 quae
374 3825 411 3874 ita
440 3825 644 3890 conveniebant,
663 3825 767 3892 putavit
792 3822 928 3886 effluxum,
949 3823 995 3874 aed
1013 3838 1162 3874 morcarum

60 3897 144 3947 instar
162 3898 257 3948 mentia
284 3894 369 3947 oculis
387 3896 471 3963 magio
491 3896 658 3947 inconsultus
685 3895 768 3946 fiebat
792 3902 819 3944 et
839 3895 977 3960 oppositus
995 3894 1084 3959 rebus,
1104 3910 1162 3945 ma.
1199 3938 1204 3947 ,

61 4038 218 4091 iuveniliter
239 4038 374 4107 cogitabat
395 4046 571 4089 concurrente
588 4038 616 4087 in
638 4036 758 4087 omnibus
777 4036 929 4101 Nicephoro
950 4036 1088 4103 logotheta
1106 4045 1163 4089 ata.

63 4108 114 4173 dii,
134 4126 191 4161 eum
210 4110 399 4178 impostoribus
419 4117 445 4159 et
463 4110 621 4161 astronomia
643 4116 669 4159 et
691 4109 724 4158 iis
748 4108 793 4174 qni
812 4108 888 4175 signa
908 4108 1037 4159 coelestia
1055 4111 1164 4160 nuntia.

62 4190 122 4232 rent
140 4190 167 4233 et
184 4184 321 4249 signorum
341 4180 568 4248 praedictionibus
596 4179 741 4233 seeundum
759 4179 936 4233 initiationem
955 4195 985 4230 oe
1011 4181 1165 4233 adverteret

65 4258 92 4303 et
109 4252 282 4321 popularibus
300 4252 481 4307 adulatoribus
501 4260 546 4305 aut
565 4252 773 4321 tuperatitiooio,
793 4266 919 4304 enarrare
937 4266 1009 4303 nunc
1029 4265 1162 4318 superva-

151 4349 234 4404 utet.
254 4348 337 4404 Aoat.
356 4350 423 4405 ntur.
946 4348 977 4402 17
