2834 4750
547 269 797 340 ursromr.····
879 285 883 292 ’
1123 271 1198 348 222

43 457 123 498 σαν
148 435 236 517 γῆς.
289 433 389 518 ἧγόρ
413 433 538 518 'little'
555 438 672 520 κυρίως
691 431 746 498 καί
765 431 845 517 αὕτη
865 433 889 523 ἡ
906 433 1102 520 Κελτιβηρία
1121 435 1203 521 πρὸς

43 534 94 602 τοὶ
122 535 296 618 δυσμικά
330 538 411 620 μέρη
440 537 494 619 τῆς
510 534 640 619 Ῥώμης
666 532 858 618 διάκεινται,
881 531 959 618 πρός
980 533 1036 614 τόν
1056 532 1203 623 ἑσπέριον

45 632 236 724 ὠκεανόν,
263 631 336 721 ἥτις
359 635 577 724 νόνῇΙσπανιόι
598 635 870 720 κατονομάζεται.
915 637 970 720 τῆς
987 636 1117 722 Ῥώμης
1137 636 1215 722 γόρ·

45 735 150 822 ὖπὲρ
177 735 253 823 τῂν
274 738 418 804 Ἰταλίαν
432 739 574 821 κειμένης
587 737 624 802 τοὶ
644 740 702 820 μὲν
724 735 805 820 πρός
823 731 912 821 ἥλιον
927 735 1099 819 α’νίσχοντα
1119 741 1201 824 μέρη

16 831 131 903 ainos
147 842 186 904 Γ
184 843 310 904 αλλιάι
333 835 583 920 διονομάζονται,
603 835 642 901 τό
666 841 702 902 δὲ
718 837 797 920 πρός
816 832 907 920 ἥλιον
930 836 1068 901 δόνοντα
1087 840 1201 921 μέχρις

39 931 224 1004 ’Ἀλπεοον
267 936 351 1022 σ’ρτόν
377 933 479 1018 κάτω,
510 932 590 1000 όπσυ
611 940 668 1001 νῦν
691 937 711 1021 ἤ
735 939 893 1019 Νεμιτζία
916 939 1123 1021 γνωρίζεται,
1146 933 1202 1002 τόν

50 1036 154 1104 ἴδιον
191 1030 348 1122 ἄρχοντα
375 1036 459 1124 ῥῆγα
481 1037 754 1124 κατονομόζουσα.
808 1037 846 1103 τό
878 1040 914 1103 δέ
935 1040 1016 1122 πρὸς
1047 1033 1201 1123 ἐγκόρσια

52 1145 153 1224 μέρη
184 1142 261 1204 τῶν
278 1133 425 1206 ’Ἄλπεων
460 1137 502 1213 ὥς
524 1137 604 1224 πρός
632 1137 723 1204 νότον
744 1133 823 1223 όχρι
854 1143 912 1205 τοῦ
933 1133 1078 1223 ἑσπεριόν
1100 1139 1202 1204 ω’κεα-

52 1243 124 1303 νοῦ
153 1241 295 1323 Ἰβηρία
324 1242 379 1305 καί
401 1231 598 1325 Κελτιβηριά
620 1241 780 1322 ἐλέγοντο,
802 1242 865 1305 τῶν
892 1237 1079 1324 εἰσρεόντων
1100 1243 1202 1307 iuriae

8 1357 46 1411 10
59 1343 247 1422 ποταμοῖν
270 1343 308 1428 τῇ
327 1337 419 1430 χώρη
440 1343 668 1425 χαρισαμένων
690 1339 782 1406 τουτὶ
799 1341 834 1406 τό
861 1335 971 1423 ὄνομα.
995 1345 1120 1406 ἐκεῖθεν
1139 1325 1211 1425 γάρ]

57 1441 125 1507 τόν
152 1445 225 1523 μὲν
250 1439 444 1524 βουλόμενον
465 1440 521 1524 την
549 1444 608 1522 μὲν
630 1447 865 1528 παρακειμένην
893 1440 992 1526 α’κτην
1012 1443 1201 1527 παραπλεῖ-

61 1568 126 1608 σαι
152 1541 249 1626 πρὸς
272 1539 327 1616 τοὶς
348 1540 434 1606 κάτω
456 1543 595 1618 Γαλλίας
617 1539 633 1603 ό
653 1546 716 1606 τῶν
733 1543 930 1628 Ἡρακλείων
955 1546 1076 1629 στηλοόν
1094 1547 1200 1627 πορθ-

63 1641 133 1725 μός
161 1646 351 1726 ἔκδέχεται,
372 1641 428 1706 τόν
452 1645 487 1706 δέ
507 1641 585 1726 πρός
608 1642 783 1724 α’νατσλός,
805 1647 956 1728 ἐνδοτέρω
981 1643 1126 1729 δηλονότι
1145 1646 1200 1728 τῆς

63 1744 192 1831 χώρας
219 1744 477 1825 έπειιτεινομένου
498 1747 554 1809 τοῦ
575 1747 734 1829 αἰγιαλοῦ,
758 1745 836 1827 πρὸς
857 1742 895 1808 τό
916 1746 1000 1829 μέρη
1019 1749 1081 1810 τῶν
1095 1749 1200 1829 Βροτ-

18 1848 227 1920 15τανικιδν
252 1842 355 1929 νησων
374 1847 551 1930 καθοδηγεῖ
567 1846 622 1911 καί
641 1851 863 1933 προτρέπεται,
892 1849 936 1930 τῷ
959 1847 995 1908 δέ
1016 1848 1199 1934 βουλομένῳ

67 1946 160 2030 πρός
183 1944 247 2023 τοὶς
276 1949 342 2012 τῶν
360 1943 530 2030 Μακάρων
556 1949 671 2030 νήσους
699 1948 822 2031 α’πᾶραι
850 1943 1050 2017 όοῖπόπλους
1073 1944 1198 2029 α’χανης

66 2053 331 2132 παρατείνειαι·
385 2048 541 2130 α’πέχουσι
561 2045 620 2130 γὰρ
644 2050 700 2132 τῆς
722 2050 778 2130 γῆς
792 2049 915 2129 μέτρον
937 2048 1052 2126 μιλίων
1072 2046 1197 2129 χιλίων.

70 2151 136 2212 δύο
162 2151 202 2212 δέ
227 2145 261 2212 αἱ
282 2151 373 2233 νῆσοι
394 2149 482 2228 εἰσίν,
505 2144 542 2211 οὗ
563 2139 641 2212 πολὺ
664 2147 808 2230 όλλήλων
831 2147 1020 2230 ἀπέχουσαι,
1042 2148 1198 2211 παντοίων

79 2250 230 2332 οἷγαθτόν
251 2254 306 2314 καί
326 2248 475 2314 ποικίλων
499 2251 646 2333 διηνεκῶς
666 2247 859 2334 βρίθουσαν,
876 2248 932 2312 καί
952 2246 1031 2311 πόαν
1052 2236 1199 2330 μαλακὴν
1248 2305 1250 2309 ,

28 2349 274 2437 νοκαίεόιόδη
299 2353 339 2416 δι’
362 2347 437 2415 όλου
470 2352 526 2417 τοῦ
548 2347 638 2426 έτους
661 2351 850 2437 τρέφουσαι.
894 2351 1112 2437 α’πιρκισμέναι
1134 2345 1197 2434 γόρ
1252 2413 1255 2418 ⁴

60 2445 183 2517 ,οὖσαι
208 2456 437 2537 τῆςόκοσμικῆς
460 2442 635 2534 ι’λόος,’και“
658 2455 714 2537 τῆς
735 2455 791 2517 τοῦ
813 2451 906 2536 α’έρος
928 2450 1105 2536 ἐπιμιξίας,
1127 2438 1197 2534 ἥτις

77 2556 114 2617 ἑκ
138 2556 209 2618 τοῖν
230 2552 399 2637 δυσόδμων
419 2556 476 2638 τῆς
502 2557 559 2639 γῆς
581 2553 717 2637 αόχμαῖν
741 2555 926 2637 ἐπιγίνεται,
949 2548 1020 2615 οὐδ’
1040 2547 1119 2627 όλως
1140 2573 1197 2633 με.

77 2650 365 2743 ταλαμβόνουσαι,
398 2656 613 2741 ὑγιεινότατον
634 2659 690 2721 καί
720 2649 841 2722 όλυπον
861 2663 925 2733 τοῖς
943 2656 1043 2720 έκτῖσε
1065 2651 1194 2740 α’νθρόο

166 2826 213 2880 13.
236 2822 266 2879 τό
291 2826 321 2880 6.
415 2823 456 2879 14.
477 2827 713 2901 έπεκτεινόμενον
732 2827 762 2881 0.

82 2974 123 3025 sic
147 2973 260 3037 dicitur,
283 2980 310 3025 et
326 2973 383 3041 ipsa
397 2972 543 3029 Celtiberia
560 2975 593 3027 ad
610 2975 791 3028 occidentales
810 2982 899 3042 partes
917 2974 1018 3027 Romae
1036 2974 1104 3027 sitae
1123 2979 1194 3040 suut,

81 3046 116 3096 ad
136 3044 310 3097 occidentale
334 3062 423 3109 mare,
453 3062 521 3115 quae
549 3048 654 3115 quidem
681 3062 760 3098 nune
779 3046 906 3113 Hispania
930 3053 1050 3108 vocatur.
1093 3045 1194 3098 Romae

84 3118 157 3167 enim
177 3132 258 3183 snpra
278 3116 381 3187 ltaliam
400 3120 468 3169 sitae
494 3133 542 3169 eae
561 3126 666 3185 partes,
691 3134 759 3185 quae
784 3117 818 3169 ad
845 3116 929 3169 sulem
949 3117 1088 3169 cadentem
1109 3130 1195 3184 usqne

83 3188 117 3239 ad
138 3188 226 3256 Alpes
246 3196 359 3253 montes,
375 3188 468 3254 “Gallia
486 3190 608 3253 inferior,
629 3190 675 3249 ubi
692 3205 764 3240 nunc
782 3187 914 3241 Nemitzia
933 3187 1122 3255 cognoscitur,
1141 3187 1194 3239 dn.

86 3274 145 3308 cem
166 3275 243 3310 suum
261 3276 354 3328 regem
379 3262 534 3313 nominans:
562 3276 631 3328 quae
655 3269 743 3312 autem
769 3261 802 3311 ad
830 3257 958 3327 obliquas·
977 3266 1066 3325 partes
1084 3257 1194 3323 Alpium

87 3331 165 3395 quasi
185 3346 201 3381 a
221 3338 298 3399 tergo
318 3334 369 3384 sita
388 3342 449 3385 sunt
467 3347 552 3400 usque
571 3334 603 3384 ad
626 3331 794 3384 occidentale
813 3346 894 3394 mare,
914 3330 1002 3382 iberia
1021 3337 1047 3380 et
1059 3328 1191 3383 .Geltibe.

83 3402 125 3451 ria
145 3400 313 3466 dicebantur,
333 3420 392 3453 cum
406 3403 549 3455 influentes
569 3403 606 3454 ibi
625 3403 701 3456 fluvii
711 3411 800 3455 terrae
819 3404 912 3456 darent
926 3402 979 3453 hoc
995 3415 1112 3453 uomens
1131 3400 1193 3451 inde

87 3472 159 3521 enim
179 3472 223 3538 qui
250 3472 309 3524 vult
334 3475 457 3527 adiacens
485 3475 548 3527 litus
575 3476 812 3543 praeternavigare
838 3474 871 3526 ad
895 3473 1007 3525 Galliam
1026 3472 1192 3535 inferiorem,
1237 3516 1241 3522 .

87 3556 147 3592 eum
167 3541 263 3591 fretum
283 3543 474 3597 Herculearum
501 3546 681 3599 columnarum
701 3548 815 3613 excipit:
842 3561 911 3614 quae
929 3548 1019 3600 autem
1038 3544 1072 3595 ad
1099 3544 1193 3595 orien-
1217 3546 1221 3557 “

85 3621 140 3665 tem
161 3614 212 3664 sita
231 3621 301 3678 sunt,
324 3615 351 3665 in
371 3616 499 3669 interiore
519 3625 591 3669 terra
611 3619 643 3669 ad
661 3618 725 3671 litus
746 3626 866 3681 extensa,
887 3617 919 3667 ad
938 3622 1028 3683 partes
1046 3614 1192 3666 insularum

53 3720 55 3735 .
85 3684 241 3736 Britanniae
268 3685 367 3737 ducunt
392 3695 418 3738 et
437 3696 594 3740 vertuntur:
622 3689 727 3742 volenti
758 3696 845 3740 autem
869 3689 902 3740 ad
919 3689 1062 3740 Beatorum
1090 3684 1192 3738 insulas

87 3758 224 3821 proficisci
247 3758 386 3826 navigatio
416 3759 503 3826 ampla
530 3761 694 3812 extenditur:
730 3761 825 3813 absunt
851 3760 921 3809 enim
948 3774 964 3809 a
989 3766 1061 3809 terra
1085 3756 1191 3808 milibus

86 3827 235 3881 milliariis:
262 3829 329 3880 duae
355 3837 443 3881 autem
469 3839 530 3882 sunt
553 3831 673 3895 insulae,
698 3847 753 3883 non
775 3830 887 3881 multum
912 3830 981 3881 inter
1013 3844 1044 3881 se
1061 3836 1190 3893 remotae,

89 3899 207 3952 omnibus
235 3900 313 3952 bonis
346 3909 373 3953 et
391 3904 474 3953 variis
505 3902 584 3954 valde
608 3902 745 3967 refertae,
775 3910 803 3953 et
821 3900 929 3954 herbam
947 3899 1055 3952 mollem
1076 3909 1104 3953 et
1120 3901 1213 3965 berte¹
1308 3957 1311 3969 ¹
1371 3886 1376 3893 ’

88 3968 204 4023 aientem
223 3988 271 4039 per
291 3980 374 4024 totum
394 3989 490 4025 aunum
510 3973 696 4040 proferentes:
724 3981 843 4025 remotae
872 3974 942 4023 enim
962 3972 1086 4025 coloniae
1104 3972 1212 4025 sordis-

87 4044 230 4095 muudanae
261 4052 287 4096 et
312 4045 481 4097 admixtionis
508 4046 594 4108 aeris,
615 4060 683 4112 quae
714 4060 729 4094 e
755 4044 825 4095 male
844 4043 928 4095 olenti
950 4052 1038 4097 terrae
1063 4044 1190 4114 squalore
1263 4085 1270 4092 ,

90 4112 178 4179 oritur,
197 4131 364 4187 nequaquam
386 4118 531 4184 participes
560 4116 759 4169 saluberrimam
787 4124 814 4167 et
839 4117 946 4168 minime
970 4118 1073 4169 tristem
1091 4114 1190 4169 incolis
1235 4150 1242 4157 -

90 4180 236 4240 hominihus
256 4196 283 4241 et
301 4190 398 4257 pecudi
418 4189 500 4243 vitam
518 4188 641 4256 reddunt,
662 4197 688 4243 et
707 4190 941 4243 commorationem
959 4190 1143 4246 suavissimam
1163 4193 1191 4239 et
