2834 4750
449 285 452 292 '
543 285 757 356 maroam
802 287 807 293 ’
1120 278 1201 354 Ξδῒ

72 465 131 520 τος
145 447 283 526 μεστοῦ
296 444 436 532 χαρίτων
450 444 566 515 ἑαυτὸν
587 451 800 530 α’ποξεναύντό
815 472 900 534 ποτε,
922 441 1062 528 ocrim
1083 439 1199 531 θαῦμα

72 546 239 628 μέγιστον
272 548 557 634 τοῖςροῖνθρώποις
594 555 648 616 καί
681 551 877 635 οἷξιίραστον.
936 546 1011 617 ὅσον
1040 547 1102 635 γὰρ
1130 557 1198 626 τοῖς

71 657 337 728 στρατιωτικοῖς
362 651 481 731 όγώσιν
515 652 699 726 α’νόποιοτος
731 643 772 735 ἤν
793 651 848 716 καί
865 648 1038 734 θυμοειδὴς
1059 649 1114 715 κατ’
1135 673 1198 714 ιτα-

72 746 303 832 ταπληιιτιιιδς
323 751 380 833 τὴν
402 748 512 834 ὁρμήν,
531 754 679 817 τοσούτον
698 754 733 849 ἐν
746 759 814 826 ταῖς
837 755 962 817 α’νέσεσι
980 751 1034 814 καί
1052 759 1120 825 ταῖς
1142 757 1196 814 λε-

45 851 243 930 5γομέναις
267 850 458 935 ἐκεχειριάις
488 849 543 916 καί
563 858 632 927 ταῖς
652 851 735 916 κατὰ
756 850 813 936 την
842 852 994 934 βασιλίδα
1017 855 1195 935 διατριβαῖς
1206 857 1226 912 l.
1238 857 1291 915 218
1303 873 1332 915 r.

72 945 249 1030 ἡδύτατος
275 953 331 1014 καί
362 954 519 1034 μειλίχιος
551 956 606 1016 καί
632 949 841 1038 φιλόστοργος
863 950 943 1035 πρός
967 951 1041 1028 τούς
1064 953 1197 1031 Βυζον·

71 1048 188 1134 τίους,
228 1051 286 1114 καί
313 1048 423 1132 λόγους
451 1051 598 1127 ἀστείους
627 1053 730 1137 φιλών
763 1056 818 1118 καί
847 1049 918 1129 τούς
955 1049 1199 1134 οἷσττὶζομδνοας

74 1147 408 1235 προσοικειούμενος,
436 1150 491 1216 καί
512 1151 654 1231 α’παξιών
678 1147 793 1218 ἔαυτόν
820 1151 917 1240 ὲτίριγι
937 1156 1106 1217 καλεῖσθαι
1125 1147 1200 1214 διό-ι

73 1272 159 1328 ματι
191 1241 222 1332 ἢ
250 1254 295 1336 τῷ
322 1248 381 1335 την
403 1251 587 1335 ἐπωνυμίαν
623 1257 797 1337 παρέχοντι
829 1248 914 1340 αύτῷ
936 1255 1045 1337 διττῆς
1065 1251 1196 1327 πόλεως.

31 1359 66 1415 10
78 1345 137 1414 διὰ
162 1353 265 1416 τούτο
291 1343 346 1415 καί
369 1352 456 1438 παραὶ
481 1351 606 1418 πόντων
628 1355 770 1438 ἠγαπᾶτο
794 1350 1032 1440 διαφερόντως,
1054 1351 1109 1416 καί
1129 1375 1198 1417 τοι·

75 1445 135 1513 νόν
163 1441 288 1534 όφελος
322 1453 377 1516 καί
410 1454 549 1518 ἐκαλεῖτο
585 1453 640 1518 καί
666 1453 860 1536 ἐγινώσκετο,
880 1453 1056 1518 πανδαισία
1079 1475 1116 1516 τε
1142 1451 1199 1516 καί

77 1553 239 1637 εύφημίοι
255 1551 359 1637 κοινή,
380 1553 574 1640 στρατιώτης
588 1577 622 1618 τε
639 1551 859 1639 α’παρόμιλλος
874 1557 930 1618 κατ’
948 1557 1077 1637 πολίτης
1098 1549 1196 1636 ἀσύγ-

77 1677 204 1736 κριτος.
264 1645 303 1737 ἦν
333 1655 395 1738 γὰρ
428 1652 505 1739 πρός
539 1655 660 1742 τούτοις
688 1660 743 1719 καί
770 1659 897 1738 μεγέθει
931 1650 1121 1735 διαλόμαων
1140 1655 1197 1717 καί

78 1743 159 1834 ’όψει
184 1753 380 1820 ταπεινώσει
407 1779 438 1818 τε
470 1753 673 1840 φρονήματος
694 1759 750 1819 καί
777 1756 1041 1841 ουναναστροφῆς
1063 1748 1195 1834 κοσμιό-

34 1872 154 1937 15τητι
187 1856 248 1917 καί
275 1853 486 1935 μειδιάματος
508 1854 690 1940 ἱλαρότητι,
715 1859 761 1932 είς
793 1850 891 1938 όκρον
912 1855 1004 1940 δόξης
1024 1859 1080 1918 καί
1101 1875 1194 1938 περι-

80 1953 255 2034 λάμψεοος·
269 1947 383 2019 ἑαυτὸν
410 1956 542 2039 όνυιγών
565 1957 604 2042 τῇ
627 1960 718 2042 κοινῇ
739 1959 796 2020 τού
825 1956 969 2039 πλήθους
989 1944 1117 2040 εόλογίφ
1139 1955 1196 2018 καί

79 2058 241 2140 συντονίρ
258 2053 313 2135 τῆς
333 2052 549 2138 ἀναμνήσεως.
609 2063 614 2074 “
1064 2042 1068 2046 ⁸

191 2152 241 2216 Ἐκ
263 2153 301 2237 δη“
324 2152 442 2218 τούτων
471 2157 532 2220 τών
555 2157 694 2240 α’ρίστων
726 2157 781 2221 καί
799 2153 953 2238 μεγίστων
976 2157 1071 2234 ἕξεων
1090 2155 1194 2219 ούτού

82 2253 142 2317 καί
164 2250 349 2335 ἐντεύξεων,
371 2255 426 2317 καί
448 2244 492 2318 ών
514 2256 597 2336 μετ’.
606 2255 705 2320 αύτόν
729 2252 744 2318 ό
766 2258 881 2320 τούτου
903 2251 1097 2340 ώραιότατος
1119 2250 1195 2318 atsi.

37 2355 141 2431 νοδος
166 2350 203 2419 όν
226 2378 259 2445 τε
291 2363 354 2432 τοῖς
384 2364 620 2439 στρατιωτικοῖς
643 2358 849 2439 Ια’γωνίσμαοι
878 2359 934 2423 καί
954 2357 1118 2440 τροπαίοις
1138 2355 1195 2419 καὶ

83 2462 155 2531 τοῖς
180 2444 351 2532 πολιτικοῖς
383 2455 622 2541 διακοσμὴμασι
654 2458 709 2523 καί
733 2455 883 2544 α’ρρὴταις
915 2457 1193 2539 ἓγιταλλοόπίσμαστ

84 2558 244 2640 (συγγενῆ
260 2555 323 2642 γόρ
358 2554 462 2623 πόντα
482 2560 537 2622 καί
557 2555 719 2644 ὁμότροπα
752 2561 806 2621 ιιαί
835 2556 964 2643 όμοφυῆ
991 2557 1035 2643 τῷ
1054 2551 1193 2639 πατρίδ

84 2653 161 2732 υἱός
182 2653 408 2747 ἐπεδείκνυτο),
431 2661 564 2725 διπλούν
580 2657 615 2727 τό
630 2663 686 2745 τῆς
704 2657 824 2744 α’γόπης
844 2662 899 2724 καί
912 2651 949 2723 τό
971 2660 1026 2742 τῆς
1038 2654 1194 2743 δροσμιό·

161 2820 207 2874 21.
227 2826 289 2887 post
306 2821 410 2892 δγιιαλλ.
435 2821 511 2874 deest
531 2820 668 2895 διδλαμπι
685 2818 732 2874 vel
749 2821 837 2875 simile
856 2819 976 2874 verbam.

86 2964 210 3017 benitate
232 2964 398 3030 inferiorem,
417 2973 462 3017 aut
479 2982 495 3018 a
512 2967 612 3019 virtute
631 2973 658 3017 et
678 2964 813 3017 hilaritate
833 2972 861 3017 et
877 2965 1093 3032 risugratiarum
1109 2963 1192 3031 pleno

87 3052 119 3088 se
139 3035 337 3089 abalienantem
358 3052 483 3105 unquam,
501 3038 539 3089 ita
560 3046 589 3088 nt
608 3044 679 3089 esset
702 3036 859 3088 miraculum
876 3036 1016 3086 maximum
1041 3033 1192 3086 bominibus

90 3116 118 3157 et
139 3107 264 3160 amabile.
303 3116 428 3177 quantum
458 3110 528 3159 enim
552 3110 580 3158 in
607 3106 768 3158 militaribus
797 3106 985 3157 certaminibus
1011 3103 1189 3156 irresistibilis

87 3187 148 3229 erat
162 3187 190 3230 et
208 3181 341 3231 animosus
362 3188 389 3231 et
407 3178 667 3245 terribilisimpetu,
686 3186 786 3229 tantum
805 3178 833 3227 in
851 3178 1009 3228 remissione
1028 3182 1055 3225 et
1077 3174 1192 3227 induciis

89 3256 118 3300 et
138 3253 348 3302 commoratione
367 3250 395 3301 iu
414 3252 490 3318 regia
510 3250 683 3302 suavissimus
703 3257 729 3300 et
747 3248 817 3301 lenis
836 3256 863 3298 et
880 3260 970 3299 amans
994 3261 1059 3314 erga
1081 3244 1191 3311 Byzan.

14 3312 18 3321 “
88 3320 162 3373 tios:
190 3330 217 3373 et
236 3326 373 3373 sermones
400 3321 516 3374 urbanos
540 3320 643 3371 amabat
669 3320 845 3387 hominesque
875 3318 990 3371 urbanos
1016 3317 1068 3369 sibi
1096 3315 1192 3368 conci.

88 3390 186 3457 liabat,
208 3393 398 3460 indignumque
417 3393 524 3445 rebatur
550 3407 580 3443 se
602 3390 656 3441 alio
686 3392 779 3443 vocari
802 3391 910 3441 nomine
934 3397 1014 3458 atque
1039 3401 1092 3453 eo,
1120 3386 1192 3455 qnod
1304 3388 1313 3396 ”

90 3462 118 3510 ei
141 3477 176 3513 ex
196 3462 260 3513 urbe
280 3463 472 3529 praebebatur:
493 3470 637 3530 propterea
656 3464 735 3513 etiam
754 3461 787 3513 ab
817 3461 937 3513 omnibus
966 3460 1063 3512 eximie
1090 3458 1192 3525 dilige-

89 3530 171 3584 batur
190 3540 217 3583 et
235 3535 380 3584 eommunis
399 3528 500 3585 utilitas
520 3543 547 3585 et
565 3533 711 3585 recabatur
729 3542 756 3584 et
776 3532 997 3599 cognoscebatur,
1016 3539 1097 3597 atqua
1122 3542 1191 3581 eon-

89 3603 197 3654 vivium
217 3602 320 3653 atlans
339 3605 494 3667 communis,
513 3603 644 3671 milesque
665 3603 853 3671 insuperabilis
873 3610 900 3654 et
925 3605 993 3654 ciris
1020 3602 1191 3668 incompara-

89 3672 166 3725 bilis.
188 3680 245 3728 erat
264 3674 333 3724 enim
352 3683 494 3740 praeterea
511 3681 539 3725 ‘et
549 3675 731 3743 magnitudine
745 3675 859 3726 illustris
878 3681 906 3725 et
923 3672 999 3726 vultu
1019 3680 1100 3741 atque
1124 3670 1190 3724 sub.

89 3746 213 3797 missioni
233 3744 313 3796 animi
332 3751 359 3795 et
378 3745 576 3797 consuetudinis
597 3747 695 3798 decore
715 3754 742 3797 et
761 3747 829 3797 risus
849 3744 984 3796 hilaritate
1002 3745 1035 3796 ad
1054 3742 1191 3812 fastigium

90 3814 196 3881 gloriae
216 3824 243 3866 et
261 3814 425 3867 auctoritatis
444 3830 474 3868 se
492 3815 592 3867 tollens
611 3817 742 3869 communi
761 3815 937 3867 multitudinis
956 3815 1144 3868 benedictione
1163 3821 1191 3866 et

93 3898 227 3947 consensu
253 3885 452 3938 celebrationis.

191 3975 231 4027 Ex
244 3974 286 4026 bis
305 3975 386 4043 igitur
400 3975 507 4041 optimis
525 3976 699 4043 maximisque
715 3974 922 4042 proprietatibus
942 3975 999 4027 cius
1015 3982 1041 4026 et
1057 3975 1189 4028 sermoni.

92 4043 142 4099 bus
162 4053 188 4097 et
207 4046 301 4110 exiis,
321 4060 389 4113 quae
409 4045 523 4097 babebat
540 4054 601 4113 post
620 4061 678 4097 eum
697 4046 777 4098 huius
798 4047 950 4097 maturrime
968 4060 1087 4115 propago
1108 4054 1135 4100 et
1159 4048 1189 4097 in

93 4114 251 4169 militaribus
272 4117 460 4169 certaminibus
481 4125 508 4168 et
526 4118 643 4184 tropaeis
664 4124 691 4169 ct
709 4114 834 4168 civilibus
854 4118 981 4169 institutis
1001 4126 1028 4169 et
1046 4117 1188 4171 virtutibus

95 4185 188 4249 celatis
206 4192 335 4258 (cognata
354 4190 423 4241 enim
442 4188 530 4243 omnia
549 4196 576 4242 et
602 4187 699 4242 similia
718 4196 746 4240 et
765 4188 882 4243 eiusdem
899 4196 1009 4243 naturae
1027 4190 1096 4259 patri
1116 4188 1188 4242 illins
