2834 4750
521 281 740 349 iilS'l'Oth0-
912 353 915 357 ,
937 289 939 294 ’
1103 276 1171 349 ’99

50 443 230 527 Ῥωμαίων
249 447 346 534 α’ρχή.
390 450 460 513 ἐπεί
481 450 516 513 δὲ
537 454 593 516 καί
615 449 632 514 δ
651 450 770 526 σκοπὰς
792 454 849 516 τοῦ
862 451 978 537 α’νδρὸς
992 452 1030 516 οὐ
1052 461 1174 538 φιλαυ-

60 551 138 624 τίας
160 533 238 610 α’λλά
274 548 490 635 φιλαδελφίας
520 551 574 614 καί
605 556 828 636 φιλευσεβείας
850 548 921 628 ὅλος
941 545 989 638 ἦν,
1014 554 1058 628 ώς
1078 557 1175 639 προέ-

65 671 192 732 φαμεν,
215 653 461 732 περιαλγούντος
480 653 537 734 τῆς
552 653 613 716 τών
637 652 1055 735 δρθοδύξωνκακοπαθειάς,
1080 655 1174 740 ἐνηρ-

59 743 153 831 γήθη
175 744 287 811 λοιπύν
316 757 379 824 τοῖς
401 750 587 834 εὐχομένοις
608 749 647 834 τοὶ
670 754 727 835 τῆς
752 748 860 838 εύχής,
879 751 934 817 καί
953 753 1173 837 παραστάντος

21 847 172 918 5αείτού
193 851 237 935 τιή
257 845 412 940 βαύιλικηῑ
433 849 555 935 βήματι
570 857 740 937 περιέσχεν
764 851 850 930 ἕλεος
872 848 1006 937 ἄσχετον
1028 852 1085 938 τήν
1099 855 1174 918 Αύ-

58 951 222 1030 γούσταν,
253 954 308 1013 καί
328 950 504 1034 οταλαγμοδ
522 955 671 1036 δακρύων
699 956 761 1018 τών
777 952 950 1040 βλεφάρων
970 951 1085 1038 ταύτης
1106 956 1174 1029 ε’ξί-

60 1069 188 1123 πεσον·
238 1039 276 1132 ἦν
296 1046 394 1136 γύρύ
420 1050 500 1136 α’νήρ
531 1054 572 1116 ου’
590 1053 771 1134 μόνον’τοῖς
797 1045 904 1129 ἄλλοις
926 1050 1174 1136 πλεονεκτήμασι

61 1146 243 1233 προιερών,
265 1146 345 1213 α’λλύι
367 1155 422 1214 καί
441 1156 603 1235 θεαθῆναι
625 1148 995 1237 παντύπασινήδιστος,
1018 1151 1173 1237 ἐπιμήκης
1242 1234 1244 1245 ,

60 1271 101 1312 τε
126 1240 181 1312 καί
199 1249 336 1334 στέρνων
357 1255 412 1315 καί
432 1249 537 1316 νώτων
555 1257 589 1319 ἐν
612 1258 698 1341 καλῷ
719 1252 955 1338 καθορώμενος,
977 1259 1031 1320 καί
1050 1257 1174 1337 ειίγενές

3 1359 48 1412 10
61 1373 98 1412 τι
122 1353 224 1414 πνίοον
247 1348 289 1428 ὥς
312 1345 441 1436 οἷληθώς
462 1354 517 1418 καί
537 1358 691 1439 διογενές,
720 1352 931 1440 εύδφθαλμύς
951 1380 995 1419 τε
1017 1354 1104 1440 εἴπερ
1123 1379 1173 1430 τις

60 1444 179 1532 ἄλλος,
201 1455 256 1516 καί
281 1453 395 1528 κάλλος
417 1455 615 1537 α’ποστίλβων
644 1464 711 1532 τοῖς
733 1458 925 1543 ὀφθαλμοῖς,
946 1457 1022 1540 μήτ’
1044 1457 1174 1541 ἀκριβὲς

60 1552 99 1616 τό
131 1550 241 1616 λευκδν
273 1553 356 1636 μήτε
388 1553 423 1620 τύ
456 1561 557 1635 με’λαν
588 1555 764 1635 α’πύσώζων
794 1540 946 1633 ώσαύτιος
970 1559 1037 1621 ἀλλ’
1065 1555 1171 1640 ώσπερ

60 1659 379 1740 συγκεκερααμένον.
403 1703 410 1718 .
433 1703 441 1720 .
463 1658 500 1742 τῇ
524 1659 714 1745 δημιουργίᾳ
744 1661 782 1744 τῇ
803 1655 901 1742 φύσει
923 1659 978 1723 καί
997 1683 1173 1745 συγκεκρα-

61 1757 163 1833 μένον
186 1758 230 1842 api
251 1754 444 1840 ἐρυθήματι,
464 1760 522 1822 κοίν
541 1755 667 1832 τούτοις
686 1752 786 1822 ἅπασι
808 1760 867 1843 τήν
882 1759 1059 1845 γλυκύτητα
1080 1784 1173 1842 περι-

8 1858 208 1920 15θεόυσαν
231 1853 324 1937 ἔχων,
344 1861 399 1928 καί
419 1849 507 1936 δι’ξιον
528 1853 613 1935 είδος
635 1856 713 1922 nurci
744 1855 798 1922 ιδν
826 1857 964 1940 κωμικδν
985 1863 1173 1941 τυραννίδος

63 1954 336 2037 ἐπιδεικνύμενος·
387 1954 431 2032 ώς
453 1951 510 2022 σύν
532 1961 585 2022 καί
616 1957 635 2041 ή
658 1953 785 2023 ἑστῶσα
806 1963 959 2042 γερουσία
980 1964 1170 2042 συνέπαθεν,

63 2051 171 2128 εὐθύς
192 2055 445 2142 ἐπηκολούθησεν
473 2059 493 2140 ἡ
515 2060 712 2143 συμπάθεια,
742 2062 796 2122 καί
815 2062 1007 2142 περισωθείς
1027 2065 1086 2124 τού
1104 2086 1173 2127 κιν-
1229 2065 1234 2068 ’

64 2152 167 2219 δύνου
195 2160 250 2222 καί
274 2161 447 2238 βασιλικῶν
479 2154 637 2236 ἀξιώσεων
664 2156 776 2244 ἔτυχε,
805 2158 860 2223 καί
886 2163 1063 2236 α’πολυθείς
1083 2163 1171 2248 παρδ

63 2253 194 2322 πάντων
215 2255 376 2340 ηὀπύζετδ
399 2283 431 2324 τε
455 2260 511 2324 καί
528 2261 702 2345 εύφημεῖτο
723 2260 778 2324 καί
791 2258 882 2344 ἔργον
904 2262 1001 2346 τύχης
1021 2267 1172 2345 γενέσθαι
1222 2327 1227 2334 ,
1256 2332 1258 2339 ,

11 2374 53 2427 20
64 2358 258 2443 κατήκοοσε,
293 2363 351 2437 καί,
369 2360 426 2443 τήν
449 2363 549 2426 αύτού
571 2360 731 2446 σωτηρίαν
764 2362 850 2427 ἰδίαν
871 2359 1013 2443 ἐνόμιζεν
1035 2361 1172 2440 ἕκαστος.

64 2457 162 2538 ἐξιών
189 2452 244 2529 σύν
265 2464 309 2537 εἰς
334 2465 579 2547 Καππαδοκῶν,
617 2464 650 2539 ἐξ
678 2454 716 2545 ἧς
741 2460 798 2546 τήν
824 2458 930 2548 ύρχήν
950 2465 1004 2547 τῆς
1024 2470 1173 2547 γενέσεως

64 2558 203 2646 ἔσχηκε,
215 2560 311 2627 πάλιν
323 2567 566 2649 μεταπεμφθείς
579 2565 624 2637 εἰς
637 2562 694 2647 τήν
715 2565 953 2647 βασιλεύουσαν
975 2568 1171 2649 εἰσελήλυθε,

66 2662 129 2726 κείν
148 2670 214 2738 τοῖς
233 2668 406 2759 γενεθλίοις
424 2667 483 2729 τού
508 2666 655 2748 Χριστού
673 2661 851 2750 μοίγιστρος
874 2670 929 2731 καί
950 2660 1170 2752 στρατηλάτης

143 2850 167 2905 1.
187 2851 290 2923 μέλλον
310 2848 346 2904 (λι
366 2852 485 2903 correxit
501 2849 643 2905 Brunetus.

70 3025 118 3076 sed
137 3022 248 3075 fratrum
267 3026 363 3075 amoris
384 3032 410 3075 et
428 3025 535 3090 pietatis
554 3024 663 3091 plenum
684 3030 756 3076 esset
774 3030 803 3075 ut
822 3032 900 3075 antea
919 3023 1040 3086 diximus,
1061 3024 1170 3076 dolente

69 3094 150 3147 valde
172 3096 379 3147 orthodoxorum
404 3090 733 3163 aegritudine‚’ellectum
752 3095 803 3145 iarn
825 3103 866 3146 est
884 3094 1055 3161 precantibus
1078 3102 1170 3146 votum
1227 3159 1233 3168 ·
1255 3135 1260 3146 .

71 3176 98 3219 et
123 3167 242 3219 adstante
272 3182 303 3218 eo
331 3168 407 3234 regio
435 3170 591 3235 suggestui,
620 3167 759 3233 superavit
784 3166 967 3219 misericordia
992 3164 1169 3217 irresistibilis

71 3246 228 3304 augustam,
249 3246 275 3288 et
294 3236 458 3289 lacrimarum
479 3238 603 3291 humores
624 3254 658 3288 ex
675 3238 761 3290 oculis
781 3236 927 3287 cadebant:
958 3243 1015 3288 erat
1039 3238 1109 3286 enim
1128 3237 1170 3287 vir

69 3324 127 3361 non
145 3309 231 3361 solum
250 3311 348 3361 ceteris
368 3310 510 3361 virtutibus
530 3311 653 3375 superior
661 3310 711 3362 sed
729 3310 806 3362 etiam
825 3309 858 3359 ad
877 3305 1048 3373 spectandum
1062 3308 1169 3358 omniuo

70 3381 261 3443 suavissimus,
289 3381 386 3447 longus
407 3389 433 3431 et
451 3389 561 3447 pectore
582 3389 608 3431 et
625 3387 701 3449 tergo
721 3380 834 3447 pulchre
862 3382 1008 3446 apparens,
1034 3387 1061 3429 et
1077 3378 1171 3430 nobile

71 3451 134 3519 quid
162 3452 263 3518 spirans
291 3467 387 3503 revera
419 3460 445 3501 et
464 3453 596 3503 divinum:
622 3462 649 3503 et
665 3452 778 3519 pulcher
800 3452 929 3503 oculissi
952 3454 1011 3519 quis
1036 3449 1123 3514 alins,
1144 3457 1171 3500 et

70 3522 294 3591 pulchritudinem
313 3521 456 3589 splendens
476 3523 577 3587 oculis,
596 3540 684 3592 neque
703 3533 827 3575 accurate
846 3523 934 3575 album
952 3538 1041 3589 neque
1064 3524 1170 3590 nigrum

71 3610 181 3647 servans
202 3594 400 3656 eodemmodo,
420 3593 465 3643 sed
489 3596 564 3660 quasi
584 3598 754 3647 cuuiunctum
772 3596 886 3647 artificio
905 3610 921 3645 a
938 3602 1032 3645 natura
1053 3601 1079 3644 et
1099 3595 1168 3644 mix.

15 3660 23 3675 ⁸
70 3674 124 3718 tum
149 3664 240 3716 rubori
267 3674 293 3715 et
316 3666 344 3715 in
369 3664 410 3716 his
440 3666 560 3717 omnibus
593 3670 751 3719 suavitatem
783 3666 967 3718 circumdatam
993 3663 1113 3729 habens,
1143 3672 1169 3715 et

71 3738 177 3803 dignum
197 3750 293 3802 corpus
313 3735 456 3788 secundum
476 3738 604 3788 comicum
625 3748 731 3804 poetam
750 3737 890 3802 tyrannide
918 3734 1070 3787 ostendens.
1110 3752 1168 3788 curu

71 3809 152 3873 igitur
172 3809 250 3860 etiam
269 3809 375 3860 adstans
396 3814 503 3857 senatus
522 3809 720 3861 miserationem
746 3810 867 3870 sentiret,
896 3808 983 3858 statim
1009 3804 1100 3860 secuta
1128 3814 1169 3859 est

71 3879 253 3931 misericordia
273 3887 299 3929 et
317 3886 438 3931 servatus
464 3893 479 3927 e
504 3880 625 3943 periculo
653 3888 679 3931 et
707 3881 782 3946 regia
810 3894 918 3930 munera
943 3879 1052 3945 adeptus
1079 3888 1120 3931 est
1143 3888 1169 3929 et

71 3950 199 4001 liberatus
218 3950 251 4001 ab
271 3951 391 4002 omnibus
411 3947 575 4001 salutabatur
594 3959 621 4001 ct
639 3949 795 4016 laudabatur
813 3958 839 4000 et
849 3965 904 3999 rem
923 3951 980 4001 voti
1000 3939 1094 4003 sactum
1108 3965 1168 4003 esse

39 4024 43 4041 '
72 4022 172 4074 audivit
195 4029 222 4071 et
251 4023 307 4073 eius
336 4021 447 4075 salutem
476 4036 548 4072 suam
578 4023 691 4088 quisque
720 4021 836 4086 putabat.
881 4037 1005 4089 egressus
1029 4025 1111 4090 igitur
1135 4022 1168 4073 ad

72 4091 256 4159 Cappadocum
274 4100 380 4158 terram,
400 4108 433 4143 ex
452 4106 503 4157 qua
523 4093 625 4142 initium
645 4092 753 4159 generis
781 4093 888 4161 habuit,
913 4109 1004 4146 rursus
1022 4094 1167 4147 arcessitus

72 4162 104 4215 ad
127 4165 228 4233 regiam
259 4163 368 4216 advenit
394 4173 421 4215 et
444 4162 527 4214 natali
556 4164 599 4214 die
624 4162 723 4217 Christi
740 4166 867 4234 magister
884 4173 912 4217 et
929 4167 982 4217 dux
1000 4167 1166 4219 renuntiatus
