2834 4750
150 334 157 343 Ι
232 237 307 311 uss
518 230 740 307 urculmrs
770 230 1029 305 luuluomu

232 394 533 487 detumescente
561 395 666 483 άρχάς
694 396 831 482 ἑχόντων
862 402 925 464 τάν
954 398 1186 464 Βοτανειαταῖν
1222 395 1287 459 κάν
1315 398 1347 482 τῇ

231 496 322 567 δάσει
342 503 397 565 καί
419 496 596 582 διαβοήτων
618 492 718 564 ὅντων
737 504 812 585 περί
830 496 868 563 τά
888 502 1054 582 κράτιστα,
1077 495 1107 561 οἱ
1129 496 1259 561 τούτου
1276 494 1348 578 πρό-

232 624 308 686 γονα
329 602 405 665 οάδὲ
435 603 634 682 παραστῆναι
653 600 777 675 τούτοις
808 599 965 683 ἠδύναντο
988 600 1043 662 καί
1060 596 1149 677 τάξιν
1175 598 1349 681 πληρῶσαι

236 702 423 785 ὖπηρετάν,
453 701 588 786 άφανεῖς
619 691 705 775 ὄντες
736 702 792 765 καί
820 704 905 783 μηδὲ
938 708 1003 775 τοῖς
1025 699 1273 782 εὐτελεστέροις
1292 699 1349 760 τάν

233 803 425 883 α’ξιυμάτοον
446 804 480 865 εἰι
504 800 637 884 τάγματι
660 803 878 889 στρατιωτικῷ
908 799 1176 881 συνταττόμενοι,
1204 800 1281 861 ov’d’
1301 794 1369 867 dus

232 906 267 969 δε
290 906 345 987 τῆς
368 896 450 978 ἓαίας
470 901 665 987 εὐπατρίδης
688 902 704 964 ὁ
727 900 879 984 βασιλεάς
901 906 1053 988 πέφυκεν,
1074 894 1177 975 αὗτδς
1202 902 1233 963 δ’
1254 896 1347 967 ἑσπέ-

232 1030 301 1091 ριος
321 1004 377 1069 καί
394 998 545 1087 δυσγενής
567 1004 632 1068 ε’στι
658 1001 736 1068 κατά
760 1001 945 1089 σύγκρισιν·
1000 1005 1055 1067 καί
1076 1000 1132 1065 διά
1158 1003 1264 1065 τοῦτο
1288 1027 1346 1064 τοι.

235 1110 296 1183 ναῖς
318 1099 418 1173 αάτδν
443 1103 660 1188 ἀπεκήρυττον
683 1099 830 1185 άπαντες,
858 1109 913 1170 καί
934 1098 1015 1192 ὅρκῳ
1039 1104 1347 1190 πληροφορήσαντες

231 1212 347 1292 μίχρις
369 1206 502 1286 αἵματος
532 1208 786 1288 διαγωνίσασθαι
815 1211 883 1271 κατ’
905 1206 1007 1271 αὐτοῦ
1028 1202 1066 1270 τά
1090 1198 1219 1291 είίορκα
1242 1210 1350 1290 ψηφί-

150 1296 163 1341 .'
232 1313 356 1375 σασθαι
378 1309 421 1395 τῷ
446 1307 623 1393 ἐπουρανίῳ
642 1310 776 1388 βασιλεῖ
795 1307 1009 1379 καθικέτευον.
1156 1343 1158 1351 ·
1358 1320 1380 1372 ll

331 1410 413 1479 'All’
437 1407 453 1473 ὅ
476 1404 627 1489 βασιλευς
656 1404 694 1469 τά
722 1405 802 1488 πρὸς
833 1408 887 1472 τὸν
915 1411 1051 1488 πόλεμον
1082 1408 1277 1493 ἐξαρτάοιν,
1300 1410 1351 1471 καί

139 1550 149 1593 ;
232 1509 335 1576 πάντα
365 1508 446 1580 κατά
477 1507 569 1590 λόγον
600 1505 655 1571 καί
683 1505 798 1591 τρόπον
827 1505 983 1585 συνέσεώς
1013 1510 1217 1594 καταρτίζονν
1248 1510 1284 1573 ἐν
1311 1510 1350 1595 τῷ

233 1605 393 1696 άσφαλεϊ,
405 1608 460 1673 καί
478 1608 630 1690 δυνάμεις
648 1607 830 1690 Ῥωμαϊκάς
849 1610 884 1673 εἰι
901 1608 1029 1694 Κρήτης
1050 1614 1285 1693 συναθροίσας
1308 1610 1350 1683 εἰς

232 1709 268 1776 τά
290 1706 351 1793 πρὸ
372 1712 427 1793 τῆς
447 1707 569 1783 πόλεως
595 1709 723 1787 πεδίον,
751 1712 806 1773 καί
830 1709 990 1792 Τοάρκους
1021 1709 1349 1792 διαπεραιωσάμενος

233 1809 290 1877 καί
307 1808 552 1895 καταριθμησας
574 1817 637 1889 τοῖς
658 1805 777 1875 ἑαυτοῦ
797 1812 1016 1894 στρατιώταις,
1039 1808 1096 1884 οίίς
1119 1809 1134 1873 ὃ
1159 1810 1225 1896 πρὸ
1249 1812 1380 1877 advntu

233 1912 386 1997 βασιλεὺς
398 1911 413 1975 ὁ
425 1910 564 1995 Μιχαὴλ
574 1918 703 1985 πολλοῖς
718 1913 918 1995 ἐπαγγελίαις
930 1911 985 1977 καί
995 1908 1110 1995 δάροις
1122 1913 1282 1996 άμὲτροις
1295 1912 1349 1977 σάν

236 2011 382 2098 η’δυνῆθη
395 2022 571 2097 συμπεῖσαι
593 2015 648 2076 καί
662 2014 839 2095 περαιῶσαι
859 2011 939 2096 πρὸς
960 2010 998 2079 τά
1012 2009 1144 2094 ἑσπέρια
1164 2016 1350 2098 (ἐπείθοντο

165 2133 169 2137 “
240 2114 300 2199 γάρ
326 2116 380 2179 καί
399 2115 579 2179 ὖπίκυπτον
602 2118 647 2200 τῷ
666 2109 861 2201 Βοτανειάτη
887 2117 1008 2195 μᾶλλον
1031 2104 1050 2195 ἢ
1072 2109 1203 2189 ἑαυτοῖς
1228 2113 1276 2189 uic
1298 2115 1350 2177 ἓλ-

235 2238 322 2282 κοντι
344 2216 463 2289 πάντας
484 2212 564 2299 πρὸς
594 2212 650 2279 τόν
680 2212 781 2277 πάθον
803 2216 939 2298 unicani),
960 2210 1099 2297 άρχηγόν
1118 2217 1180 2277 τοῦ
1202 2217 1348 2293 πολέμου

234 2317 506 2403 προχειρίσασθαι
539 2317 746 2382 διεσκέπτετο.
798 2309 992 2391 ἱκανώτατος
1021 2316 1055 2379 δὲ
1087 2308 1131 2379 dv
1162 2318 1399 2396 ouussalai'vtlr

231 2417 267 2484 τά
288 2421 359 2483 δίον
379 2415 434 2481 καί
454 2416 718 2502 κατανοήσασδαι
740 2407 910 2500 άνθριυπον
932 2415 949 2478 ὅ
970 2414 1184 2501 Βοταντιάτης
1203 2412 1263 2480 τάν
1283 2441 1349 2480 νοι-

231 2525 417 2603 βελλίσιμον
452 2520 590 2597 Ἀλεξιον
608 2515 664 2582 τὸν
688 2514 877 2602 Κομνηνάν,
900 2513 935 2593 ὃς
957 2517 1013 2582 τόν
1030 2516 1211 2587 Ῥουσέλιον
1244 2521 1278 2582 ἐν
1303 2519 1349 2604 τῷ

231 2625 350 2702 θέματι
364 2622 427 2685 τάν
448 2621 665 2704 Ἀρμενιακῶν
688 2617 880 2702 εὐμηχάνως
901 2619 1096 2702 ἐχειρώσατο
1107 2618 1163 2681 καί
1183 2619 1344 2684 διέσωσεν

136 2868 140 2876 «
233 2845 384 2914 guntionis,
402 2844 543 2909 nimirum,
560 2844 627 2897 licet
653 2846 728 2898 ducis
752 2845 865 2913 imparia
880 2823 1019 2898 ¹baberent
1036 2845 1195 2899 botaniatae
1213 2845 1244 2898 iu
1262 2848 1344 2899 occi.

233 2919 314 2970 dente
338 2924 365 2968 et
388 2916 453 2969 clari
482 2925 571 2969 esseut
593 2918 621 2968 in
639 2918 776 2981 maximis,
806 2915 885 2968 huius
912 2919 1027 2970 maiores
1054 2933 1090 2969 ne
1112 2925 1201 2972 astare
1232 2919 1343 2985 quidem

207 2989 276 3042 ·bis
295 2989 415 3056 potuisse
430 2996 456 3040 et
476 2989 595 3040 ordinem
615 2967 726 3056 c‘xplerc
746 2989 941 3053 ministrorum,
961 2990 1067 3056 ignotos
1086 3005 1175 3057 neque
1194 2989 1343 3041 vilioribus

221 3061 339 3130 ,quidem
365 3060 536 3129 dignitatibus
560 3061 588 3110 iu
614 3061 707 3112 ordine
732 3060 841 3111 militari
862 3062 1042 3127 compositos,
1060 3075 1148 3128 neque
1168 3075 1343 3130 cognoscens

235 3148 269 3185 ex
287 3133 391 3183 oriente
408 3131 525 3182 nobilem
543 3147 634 3200 regem
656 3147 732 3195 esse,
757 3132 843 3196 ipsum
861 3140 950 3183 autem
969 3131 1163 3184 occidentalem
1183 3141 1209 3182 et
1228 3132 1343 3202 ignobi-

233 3203 286 3255 lem
310 3204 521 3269 comparationes
551 3211 630 3270 atque
652 3211 795 3269 propterea
819 3202 896 3254 simul
923 3219 982 3254 eum
1001 3203 1175 3270 repudiabant
1201 3218 1297 3255 omnes
1316 3210 1344 3254 et

234 3275 405 3327 iureiurando
424 3275 609 3341 promittentes
634 3289 664 3324 se
683 3273 758 3325 velle
785 3276 921 3342 usquead
946 3276 1103 3342 sanguinem
1122 3283 1227 3342 certare
1248 3283 1343 3327 contra

235 3361 304 3411 eum,
330 3345 478 3398 coelestem
496 3360 588 3412 regom
608 3345 796 3411 implorabant,
816 3353 845 3398 ut
869 3361 938 3413 quac
958 3347 990 3398 ad
1011 3346 1192 3400 iusiurandum
1210 3355 1273 3414 apta
1294 3363 1341 3397 es-

234 3425 294 3471 sent
312 3423 450 3469 statueret.

333 3503 385 3555 Sed
404 3518 453 3554 rex
471 3502 573 3555 bellum
592 3516 688 3570 parans
709 3512 736 3554 ct
754 3505 842 3556 omnia
858 3521 890 3556 ex
908 3506 1013 3556 ratione
1028 3505 1185 3573 prudentiae
1204 3505 1341 3557 instruens

233 3582 291 3627 tuto
311 3584 338 3626 et
355 3591 447 3628 manus
466 3575 598 3627 Romanas
618 3591 633 3626 c
653 3575 733 3628 Creta
758 3590 859 3644 cogens
883 3578 911 3627 in
932 3592 1050 3643 campum
1070 3586 1131 3629 autc
1149 3577 1244 3629 urbem
1264 3579 1341 3629 situm

234 3654 261 3698 et
279 3647 377 3698 luccas
396 3647 571 3699 transducens
596 3653 622 3696 ct
641 3662 818 3699 annumerans
844 3649 898 3704 suis
916 3645 1063 3713 militibus,
1083 3663 1149 3716 quos
1169 3648 1277 3716 quidem
1297 3650 1341 3716 qui

233 3725 295 3771 aute
321 3735 380 3769 eum
405 3717 530 3786 regnavit
554 3717 669 3770 Micbuel
692 3718 784 3770 multis
808 3720 946 3785 promissis
972 3728 998 3771 et
1028 3720 1103 3772 donis
1128 3721 1266 3772 immensis
1286 3734 1341 3770 uon

233 3797 359 3856 potuerat
379 3791 497 3842 excitare
517 3797 544 3839 et
561 3790 735 3841 transducere
763 3790 796 3841 ad
816 3790 983 3842 occidentem
1012 3790 1156 3860 (parebant
1175 3791 1247 3842 enim
1266 3798 1294 3842 et
1313 3806 1340 3842 se

233 3859 411 3931 subiiciebant
430 3860 588 3912 Botauiatae
606 3862 693 3930 magis
720 3877 797 3929 quam
816 3861 892 3927 ipsis,
917 3869 946 3912 ut
964 3862 1080 3913 trahenti
1100 3876 1191 3913 omues
1212 3862 1245 3913 ad
1267 3862 1341 3915 desi-

233 3929 336 3980 derium
355 3934 423 4002 sui),
445 3932 539 3983 ducem
559 3930 627 3983 belli
649 3948 743 3983 creare
763 3933 903 3984 statuebat.
941 3933 1093 4000 aptissimus
1113 3940 1202 3984 autem
1222 3934 1257 3984 ad
1274 3948 1341 3984 cou-

233 3998 382 4053 stituendas
403 4017 446 4054 res
465 3998 632 4054 necessarias
651 4012 678 4055 ct
698 4004 913 4072 cognoscendum
932 4004 1065 4056 hominem
1084 4003 1241 4056 Rotaniates
1260 4005 1341 4056 nobi-

139 4118 144 4128 ,
233 4068 365 4121 lissimum
383 4073 509 4124 Alexium
528 4073 710 4139 camoenam,
737 4076 783 4144 qui
807 4074 946 4128 Ruselium
975 4078 1003 4128 in
1022 4075 1163 4143 provincia
1179 4075 1341 4129 Armeniaca

232 4130 379 4214 prudenter
397 4143 504 4210 subegit
523 4152 550 4197 et
568 4147 689 4200 serravit
706 4149 734 4198 iu
763 4149 884 4216 regiam,
903 4148 1012 4217 dignum
1030 4148 1079 4201 tali
1097 4148 1213 4216 imperio
1232 4147 1340 4202 iudica.
