2834 4750
380 253 383 262 ¹
458 374 462 392 ρ
516 296 731 396 nioman.
796 294 803 302 ‘
1105 286 1176 376 tto
1286 336 1293 347 ,

54 463 261 542 τιθεμένων,
287 457 363 544 πρός
386 488 415 529 τι
442 452 576 542 όναντες
600 471 654 532 καί
674 466 779 553 τραχύ
801 470 919 551 χωρίον
940 465 995 552 τήν
1020 471 1180 535 έδίανκα-
1262 525 1267 533 ,
1328 554 1339 562 .

57 557 274 644 τασκήνωσιν
294 563 484 648 ἐποιήσατο,
505 567 684 651 [δωματίοις
708 571 890 652 ’ἐπιστέγοις
919 567 1177 654 έπεγαννύμενος,

55 663 130 726 καί
152 658 280 746 φεύγων
306 659 361 746 τήν
388 665 422 728 έκ
445 667 499 749 τής
521 673 732 754 σκηνοπηγίας
755 666 954 752 ἐνσκήνωοιν.
998 668 1076 734 ἔνθα
1098 672 1178 754 δήτι

56 764 129 826 καί
149 764 267 846 συνέβη
291 766 351 828 τῶν
374 769 536 851 προτέρων
559 770 616 831 ούκ
638 767 766 834 ἔλαττον
777 772 822 844 εἷς
845 772 1088 852 κακοδαιμονίας
1101 773 1182 837 αἰιόέ

17 875 183 943 5νισμα.
239 864 305 945 πύρ
337 863 397 948 γόρ
425 871 523 931 ποθεν
553 861 690 951 ε’ναχθὲν
717 869 790 944 ’τούς
825 868 944 950 δόμους
974 867 1122 952 ἐκείνους,
1143 875 1178 936 ἐν

57 951 118 1038 οἷς
142 962 159 1025 ό
183 962 336 1044 βασιλεύς
367 961 594 1053 ἐγκατῴκισεν,
622 965 701 1049 μετσὶ
727 973 842 1053 πολλῆς
860 972 915 1053 τῆς
937 972 1016 1054 η’χής
1038 973 1181 1057 ἐξαφθὲν

55 1067 270 1146 κατενέμετο.
313 1067 368 1130 καί
386 1066 498 1131 πολλοί
517 1072 576 1147 μέν
599 1072 799 1153 συνέδραμον
817 1073 862 1147 εἰς
880 1069 934 1154 τήν
954 1071 1058 1134 αότοό
1077 1068 1180 1136 κατό-

56 1172 183 1249 σβεσιν
212 1169 267 1230 καί
288 1163 480 1255 α’πόπαοσιν,
506 1171 609 1253 ὀλίγον
630 1173 665 1236 δέ
685 1197 715 1236 τι
738 1178 803 1247 τοϊς
821 1177 998 1254 βασιλικοῖς
1018 1179 1181 1258 παρεβοή-

56 1276 180 1354 θησαν
210 1263 412 1352 πράγμασιν·
465 1266 494 1333 οἱ
526 1268 588 1354 γὰρ
624 1277 682 1336 τοῦ
705 1273 863 1354 βασιλέως
897 1274 1005 1355 ἵπποι,
1040 1268 1111 1338 όσοι
1141 1270 1179 1340 τό

3 1381 46 1433 10
61 1359 189 1452 πρῶτοι
209 1371 272 1431 cdv
293 1359 402 1434 ύλλων
436 1371 615 1454 ἐκέκτηντο,
648 1376 703 1437 καί
726 1370 764 1436 τό
791 1373 854 1436 τοῖν
874 1364 979 1438 όπλων
1007 1379 1194 1460 τιμιώτερα

60 1472 131 1534 καί
146 1471 275 1551 χαλινοί
297 1472 353 1533 κατ’
376 1468 522 1554 ὀχήματα
549 1475 669 1556 βρῶσις
700 1471 785 1555 όμού
816 1474 873 1537 τού
901 1471 1002 1556 πυρός
1030 1475 1179 1558 γεγόνασι

61 1569 130 1633 καί
158 1574 341 1645 κατάποσις.
391 1570 482 1651 μόλις
507 1575 535 1635 δ’
568 1565 623 1637 σύν
652 1571 859 1658 ἠδυνήθησαν
887 1599 958 1639 τινα
984 1578 1045 1639 τεόν
1074 1570 1197 1656 ἄλλων,

63 1671 254 1755 α’ποφογεῖν
275 1667 331 1754 τήν
353 1673 409 1734 τού
436 1669 536 1754 πυρός
565 1673 676 1756 ἐρωήν.
725 1674 826 1757 ἕτερον
859 1676 894 1738 δὲ
913 1677 975 1739 τῶν
997 1676 1101 1740 ἵππων
1123 1675 1179 1740 καί

64 1765 216 1855 ἡμιόνων
238 1770 427 1858 ἡμίφλεκτοι
448 1771 606 1856 γεγονότες
628 1772 778 1852 ἐβάδιζον
800 1776 833 1837 ἐν
847 1778 893 1866 τῇ
913 1777 1061 1862 στρατιᾷ,
1083 1777 1178 1842 ον’δέν
1236 1840 1245 1854 ρ

10 1887 50 1937 15
63 1873 234 1946 λυσιτελές
258 1871 491 1956 παρεχόμενοι,
521 1872 702 1956 μαρτυρίαν
727 1875 761 1937 δέ
789 1874 1027 1959 διεμφαίνοντες
1055 1881 1112 1960 τής
1145 1881 1179 1942 ἐν

63 1979 138 2045 τοῖς
158 1976 333 2054 βασιλείοις
353 1978 600 2059 προσγενομένης
623 1973 794 2059 κακότητος
827 1976 884 2039 καί
905 1978 962 2057 τῆς
984 1979 1178 2063 ουμβολικῆς

64 2074 107 2135 ἐν
131 2066 232 2137 ἅπασι
255 2074 440 2150 διαθέσεως.
852 2071 863 2080 ’

171 2171 268 2238 'Ant
291 2173 394 2240 ταότα
415 2179 474 2258 μέν
498 2169 632 2261 ύστερον
654 2174 689 2240 τό
711 2176 909 2256 α’ποτέλεσμα
929 2181 1206 2263 συνεπέραινεν·λ.
1222 2191 1273 2249 too
1282 2209 1312 2250 r.

67 2275 86 2339 ὅ
115 2276 149 2338 δέ
170 2272 322 2355 βασιλεύς
347 2262 595 2357 διαπεραιωθείς
619 2274 675 2338 τόν
697 2275 864 2361 Σαγγόρην
884 2275 1024 2359 ποταμὸν
1045 2277 1099 2344 διό
1121 2282 1178 2363 τῆς

16 2378 131 2447 bosori
155 2375 288 2456 Ζόμποο
313 2380 506 2462 καλουμένης
525 2374 681 2462 γεφύρας,
702 2368 822 2462 ήρξατο
847 2375 903 2455 τός
927 2377 1177 2463 ὑπολειπομένας

70 2480 299 2563 συναθροίζειν
322 2475 493 2559 δυνάμεις·
546 2472 627 2562 ήσαν
659 2478 721 2563 γόρ
745 2476 775 2542 oi
805 2472 859 2563 τής
882 2485 1031 2565 στρατιᾶς
1053 2485 1178 2549 διεσκε-

71 2581 228 2659 δασμένοι
256 2578 335 2649 κατὰ
368 2575 488 2667 λόφους
521 2579 577 2643 καί
604 2579 766 2666 σήραγγας
796 2584 850 2646 καί
877 2580 1080 2673 κρησφύγετα
1104 2607 1176 2648 τινα

70 2678 128 2743 καί
149 2672 327 2762 duracunt
351 2679 410 2764 τήν
431 2684 714 2767 προδεδηλωμένην
743 2682 1000 2770 τῶνβαρβάρων
1022 2681 1176 2750 ἐπίτασιν.
1236 2704 1241 2719 “

71 2782 246 2857 καταλέξας
267 2783 296 2845 δ’
326 2774 383 2846 σύν
413 2774 506 2859 όσοος
536 2781 620 2871 αύτῷ
640 2787 824 2874 βουλομένη
844 2785 936 2869 ἐνῆν,
958 2785 1126 2886 πλείσταις
1148 2787 1177 2850 δ’

74 3068 196 3123 domibus
215 3070 294 3122 tectis
313 3071 432 3137 gaudens
452 3080 479 3123 et
497 3072 605 3141 lugiens
625 3079 712 3123 eastra
731 3087 800 3139 quaa
822 3071 1075 3139 tentoriis·llgcndis
1094 3072 1177 3124 liuntr

74 3142 122 3193 ubi
141 3142 220 3193 otiam
241 3141 341 3209 aliquid
359 3144 465 3207 accidit,
491 3144 560 3212 quod
581 3143 715 3210 prioribus
741 3158 795 3193 nou
812 3143 898 3194 minus
917 3143 949 3193 ad
966 3142 1099 3194 infaustae
1119 3143 1176 3195 ior.

74 3222 155 3264 tunae
179 3227 257 3263 omen
286 3214 443 3278 pertineret.
486 3216 557 3283 ignis
584 3216 653 3264 enirn
678 3214 802 3266 alicunde
826 3211 918 3264 illatus
947 3214 1038 3265 domos
1058 3211 1129 3277 illas,
1148 3214 1176 3263 in

74 3284 171 3351 quibus
189 3299 238 3335 rex
256 3283 401 3349 habitabat,
420 3284 503 3337 multo
523 3302 582 3337 cum
609 3286 738 3353 clangore
762 3299 891 3335 accensus
911 3284 1072 3337 devastavit:
1095 3293 1176 3353 atque

73 3355 150 3406 multi
174 3355 279 3423 quidem
306 3356 338 3407 ad
365 3357 565 3424 restiguendum
591 3372 650 3408 eum
670 3364 696 3407 et
714 3354 854 3407 delendum
876 3362 1077 3419 concurrerunt,
1095 3356 1176 3424 pauci

73 3434 160 3477 autem
188 3427 270 3494 regiis
295 3437 485 3479 succurrerunt
509 3429 598 3481 rebus.
644 3428 705 3496 oqui
732 3428 801 3478 enim
819 3428 902 3495 regis,
927 3435 1058 3496 quotquot
1076 3427 1177 3479 summa

73 3498 186 3549 aliorum
212 3499 329 3564 praemia
354 3499 539 3565 obtinuerant,
565 3509 591 3552 et
613 3513 746 3565 armorum
774 3514 843 3566 quae
869 3508 943 3551 orant
960 3498 1072 3549 maxime
1091 3500 1176 3550 aesti-

74 3578 151 3634 mata,
172 3578 199 3621 'et
217 3569 292 3621 irena
313 3578 339 3621 et
358 3571 426 3621 carri
447 3571 521 3623 cibus
535 3571 613 3623 simul
633 3572 703 3639 ignis
724 3570 793 3622 lacta
812 3580 874 3623 suut
887 3579 913 3621 et
931 3577 1017 3637 potus.
1053 3571 1102 3621 uix
1121 3572 1177 3639 igi.

75 3648 119 3692 tnr
136 3648 280 3708 potuerunt
300 3642 428 3708 quaedam
449 3650 598 3694 ceterorum
618 3643 739 3710 elingere
759 3643 829 3710 ignis
848 3643 984 3709 impetum.
1023 3641 1069 3691 alii
1089 3650 1177 3694 autern

77 3728 204 3779 equorum
232 3712 416 3781 mulorumque
445 3715 564 3765 semiusti
583 3714 657 3765 ibant
675 3716 702 3763 in
724 3713 844 3764 exercitu
868 3712 937 3764 nihil
956 3712 1023 3763 utile
1042 3711 1177 3779 praeben.

76 3792 135 3849 tes,
153 3784 334 3836 testimonium
354 3791 441 3835 autern
459 3785 630 3837 ostendentes
650 3782 713 3837 mali
733 3785 804 3852 quod
823 3786 906 3853 regiis
925 3783 1005 3835 rebus
1025 3786 1172 3850 acciderat,

78 3864 104 3906 et
121 3854 285 3923 significatae
297 3856 325 3907 iu
345 3856 466 3908 omnibus
485 3856 679 3923 dispositionis.
717 3857 765 3909 sed
783 3854 966 3922 haecquidcm
984 3864 1078 3921 postea
1090 3873 1176 3909 eren.

76 3934 128 3979 tum
150 3926 307 3979 babuerunt.

172 3996 232 4049 Rex
252 4006 340 4049 autom
360 4007 541 4067 transgressus
552 3998 678 4066 Sagarem
697 3997 807 4049 lluvium
826 4012 875 4064 per
892 4005 1011 4065 pontem,
1031 4000 1077 4069 qui
1095 4001 1177 4054 Zom-

78 4083 124 4134 pus
143 4068 249 4132 dicitur,
270 4071 360 4137 coepit
377 4070 487 4121 relictas
507 4070 640 4136 colligere
659 4070 742 4121 vires.
782 4071 937 4120 erantenirn
947 4071 1047 4125 milites
1063 4072 1177 4141 dispersi

78 4141 105 4189 in
130 4139 244 4192 collibus
276 4149 303 4193 et
328 4141 444 4194 vallibus
474 4150 500 4193 et
526 4140 636 4193 latebris
662 4137 818 4209 quibusdam
849 4149 876 4192 et
903 4143 1038 4208 specubus
1068 4153 1177 4211 propter

79 4220 302 4264 commemoratum
327 4222 405 4265 antea
423 4213 594 4266 barbarorum
618 4214 754 4281 impetum.
792 4212 916 4266 colloctis
934 4213 1027 4281 igitur,
1046 4220 1178 4283 quotquot

135 4325 216 4380 utet.
233 4322 316 4378 Aust.
337 4324 403 4383 ilat.
950 4326 983 4381 10
