2834 4750
467 263 681 400 'rrrsronm⁸
872 385 886 404 „
1081 300 1139 373 ον

2 467 133 546 renuis,
158 465 190 529 οἳ
206 461 261 546 τὴν
277 461 418 547 Ἰβηρίαν
443 469 498 530 κατ’
518 469 771 551 Μεσοποταμίαν
791 476 847 537 καί
861 466 938 556 άχρι
956 477 1133 541 Λυκανύού

2 565 84 627 καί
99 566 283 648 Μελιτηνῆς
300 567 356 628 καί
374 570 436 629 τοῖν
456 572 700 651 παρακειμένων
723 573 863 638 οἰκοῦσιν
887 576 1057 659 Ἀρμένιοι,
1081 580 1135 640 καί

2 662 44 727 οἱ
78 662 137 746 τῆν
160 661 336 747 inviotata
352 669 411 728 τού
421 670 597 751 Νεστορίιιυ
621 670 674 733 καί
694 669 752 755 τήν
771 677 833 737 τιόν
858 666 1028 759 άκεφάλων
1049 680 1133 760 θρη-

2 763 1134 859 πωωώψωψμψωωμωψωωμ

2 865 222 940 κακοδοξίας.
274 863 354 931 ἐπάν
390 868 425 932 δὲ
448 894 498 931 και
531 872 591 932 τῶν
593 866 842 953 ύρθούόξων“
821 890 929 955 ηψατο
962 872 995 938 τὸ
1017 877 1133 956 δεινόν,

2 967 64 1040 εἷς
95 962 284 1048 ἀμηχανίαν
305 956 386 1048 ἦσαν
410 968 524 1043 πάντες
539 969 576 1033 οἱ
595 968 633 1033 τά
652 967 819 1052 Ρωμαίων
842 971 1080 1058 θρησκεύοντες.

121 1058 282 1145 “Ομωςύ’
303 1058 358 1131 ούν
380 1068 553 1136 α’νιαταταί
569 1096 617 1155 τις
648 1071 713 1135 τάν
734 1074 952 1157 είπατριύων,
970 1073 1134 1157 Ῥωμανὸς

2 1160 1134 1260 &wmffifimimmfflmm.ffimfflwmfflm

4 1291 83 1350 ρον
107 1270 168 1347 μὲν
197 1266 281 1351 ὅρων
308 1271 343 1332 ἐκ
368 1271 421 1352 τῆς
441 1273 501 1333 τῶν
525 1271 726 1353 κρατούντων
754 1272 857 1348 αἰτίας
879 1271 935 1338 καί
962 1276 1026 1339 τῶν
1051 1278 1133 1341 ἐκεῖ·

5 1373 84 1432 θεν
112 1365 341 1453 υστερημάτων
364 1369 630 1453 ἀναπληρούμενα
660 1396 723 1434 των
746 1370 873 1458 έχθρων
902 1371 941 1438 τά
966 1376 1134 1458 θελήματα

6 1470 81 1533 κατ’
111 1469 270 1550 μεγάλους
308 1470 490 1551 γινομένους
526 1479 594 1544 ταῖς
628 1474 845 1555 μικρολογιαις
877 1478 938 1538 τοῦν
957 1475 1133 1557 Ῥωμαίων,

9 1571 195 1633 ἐποτνιᾶτο
210 1595 261 1632 και
258 1564 434 1652 ἤσχαλλε,
453 1575 508 1634 καί
528 1568 724 1636 ἀποστασίαν
744 1578 803 1655 μὲν
819 1567 942 1655 άύινεν,
962 1580 1019 1641 ουίι
1041 1577 1136 1661 ἔρωτι

6 1671 101 1752 μέν
126 1693 168 1743 ως
190 1667 450 1752 ύιεβεβαιούτο“
429 1695 581 1754 υστερσν,
603 1697 654 1734 και
682 1672 855 1739 ἀπολαύσει
879 1701 943 1740 των
965 1679 1135 1759 ἐξαιρέτως
1186 1680 1190 1695 ’

11 1771 139 1852 αὐτῆς,
164 1769 233 1833 ἀλλ’
256 1769 299 1844 αἱς
321 1768 377 1844 τάς
399 1772 499 1853 τύχας
516 1771 701 1857 α’νορθιύσαι
718 1776 781 1836 τῶν
804 1768 864 1858 ἤδη
881 1775 1037 1841 πεσόντων
1055 1776 1136 1840 Ῥω-

10 1869 148 1951 μαίων,
172 1864 222 1934 ύτι
244 1867 287 1954 μὴ
312 1868 392 1935 κατά
416 1869 507 1953 λόγον
533 1866 598 1953 εἶχε
620 1873 658 1934 τά
683 1872 864 1957 πράγματα.
909 1877 1134 1955 ἐμπιστευθείς

15 1964 85 2034 οὖν
111 1970 165 2036 ἐπέ
185 1975 266 2036 τέλει
287 1975 344 2034 τοῦ
364 1975 523 2052 βασιλέως
538 1974 594 2037 τού
610 1968 721 2038 Asino
740 1971 802 2057 ’τὴν
819 1977 872 2058 τῆς
893 1977 1052 2058 Σαρδιιιῆς
1074 1977 1137 2058 σ’ρ-

15 2070 106 2153 χὴν,
127 2059 339 2153 ἐβουλεύσατο
361 2068 436 2146 τούς
458 2071 673 2154 Σαυρομάτας
696 2078 939 2158 προσλαβέσθαι
963 2073 1135 2158 συνεργούς

16 2178 72 2248 εἰς
106 2167 140 2236 τά
175 2167 393 2251 μελιτούμενον
422 2173 478 2235 καί
500 2172 544 2247 εἷς
567 2178 726 2255 προῦπτον
758 2169 834 2237 αύτό
866 2173 1003 2257 α’γαχεῖν.
1048 2177 1136 2239 ἐπεί-

16 2280 125 2340 θοντο
147 2269 208 2354 γάρ
232 2273 343 2334 ένεῖνοι
369 2274 412 2358 τῷ
435 2271 531 2354 dorios*
550 2270 649 2360 τούτῳ
677 2270 732 2336 διά
755 2271 789 2336 τὸ
815 2275 848 2336 ἐκ
878 2278 931 2356 τῆς
952 2271 1134 2356 α’γχιθύροο

3 2378 223 2460 λστρατηγιάς
245 2369 571 2458 προεπιχινούσκεσθαι
594 2376 706 2439 τοῦτον
728 2370 958 2456 αύτοῖς,,ὅιιύτε
978 2378 1041 2440 τάν
1063 2379 1138 2458 περὶ

20 2476 86 2542 τὸν
109 2468 234 2560 Ἴστρον
254 2466 363 2558 άρχων
398 2474 518 2538 πόλεων
538 2476 659 2552 τούτοις
688 2478 919 2561 α’νττπολέμησε
951 2478 1005 2540 καί
1026 2478 1282 2541 asservarent.

23 2574 317 2658 έκενέύνευσεν,,εἰ
342 2575 387 2658 μή
410 2578 545 2653 ἐξείλετο
565 2578 677 2640 τούτου
700 2574 945 2665 άιιαταχωνίστιρ
973 2572 1060 2665 ῥύμῃ
1083 2579 1138 2642 καί

24 2677 126 2765 ρεύμῃ
149 2676 336 2764 Νικηφόρος
365 2675 539 2761 μάγιστρος
560 2677 577 2740 ὃ
599 2676 825 2762 Βοτανειάτης·
875 2682 967 2744 τοῦτο
989 2676 1049 2763 γάρ
1075 2676 1135 2763 ἔχω’

1199 638 1207 664 Ι

43 2911 53 2921 .
105 2848 147 2902 13.
167 2848 232 2919 μὲν]
252 2848 307 2920 μὲν
323 2846 488 2915 prostatus?
581 2816 740 2917 Ιἐξαιρέτων
759 2832 902 2916 interpres.

31 3005 164 3056 iectorum
183 3004 223 3054 ira
243 3010 335 3055 eontra
354 3003 515 3067 haereticos,
536 3004 580 3070 qui
598 3002 713 3055 iberiam
733 3010 760 3053 et
778 3004 993 3070 Mesopotamiam
1006 3012 1032 3053 et
1049 3018 1135 3070 usquo

29 3077 63 3127 ad
90 3075 241 3141 Lysandum
268 3082 294 3125 et
317 3074 469 3127 Melitenam
496 3082 522 3125 et
546 3074 694 3127 adiacentia
720 3073 785 3124 ioca
802 3073 941 3136 incolunt,
970 3074 1089 3125 Armenii
1109 3082 1136 3123 et

32 3148 78 3214 qui
110 3147 239 3197 iudaicam
264 3144 380 3197 Nestorii
411 3155 437 3196 et
456 3147 536 3212 capiti
565 3144 762 3213 (patriarchae)
784 3143 994 3195 inobedientium
1014 3143 1135 3194 colentes

32 3216 174 3269 haeresim.
213 3217 310 3267 etenim
329 3217 408 3282 plena
422 3226 483 3269 sunt
500 3216 560 3267 loca
579 3216 626 3267 tali
645 3215 714 3267 falsa
727 3215 786 3266 fide.
825 3216 929 3282 quando
948 3223 1036 3266 autern
1057 3216 1135 3265 etiam

33 3289 197 3340 orthodoxos
223 3289 313 3357 tetigit
331 3288 497 3353 perieulum,
527 3290 555 3338 in
583 3283 740 3339 difficultate
767 3294 843 3338 erant
861 3301 953 3337 omnes
974 3286 1136 3339 Graecorum

33 3359 112 3410 fidem
133 3357 260 3411 colentes

142 3429 237 3481 Tamen
262 3432 345 3497 igitur
376 3432 461 3498 surgit
481 3432 585 3499 quidam
603 3416 733 3481 nobilium
754 3429 870 3483 Graecus
890 3429 1134 3497 protovestiarius,

36 3504 78 3552 cni
97 3516 194 3552 nomen
213 3500 365 3570 Diogenis.
385 3502 430 3551 hie
450 3504 518 3552 enim
539 3504 617 3554 etiam
636 3510 714 3553 antea
728 3502 821 3552 videns
848 3504 1035 3568 imperatorum
1056 3498 1135 3565 culpa

38 3582 64 3622 et
82 3574 143 3623 indo
162 3572 263 3623 effectis
283 3573 413 3640 angustiis
433 3582 542 3638 peraeta
561 3573 675 3625 hostiurn
696 3573 810 3625 consilia
824 3582 970 3641 etmagnos
982 3586 1029 3622 eos
1049 3571 1150 3621 iactos-

19 3638 194 3715 'parsimonia
218 3646 397 3706 Graecorum,
426 3659 507 3711 aegre
528 3644 632 3694 ferebat
651 3652 677 3694 et
697 3644 883 3712 indignabatur
904 3652 930 3693 et
955 3642 1134 3693 deiectionem

37 3710 207 3766 meditabatur
230 3730 283 3765 non
311 3715 454 3781 eupiditate
484 3715 589 3781 quidem
616 3722 644 3765 nt
673 3715 821 3767 affirmabat
848 3722 965 3779 postea,
993 3719 1019 3762 et
1046 3711 1134 3762 fructu

40 3786 230 3837 commodorum
251 3787 318 3849 eius,
339 3787 385 3837 sed
405 3794 433 3835 ut
453 3785 570 3836 fortunas
593 3786 749 3837 restitueret
768 3786 943 3836 συστολίσαι
937 3798 989 3834 ram
1014 3780 1134 3835 Graeco-

38 3870 113 3919 rum,
133 3872 189 3920 cunr
208 3872 261 3908 non
281 3859 426 3909 secundum
444 3858 574 3907 rationem
594 3873 624 3907 se
644 3857 775 3908 haberent
792 3872 846 3907 ros.
885 3871 959 3905 curn
951 3855 1051 3922 igitur
1070 3872 1134 3907 cre.

40 3926 91 3977 dita
109 3936 177 3978 esset
197 3928 222 3978 ei
242 3930 354 3995 imperio
374 3930 446 3995 regis
467 3928 558 3979 Dueae
578 3928 680 3979 sardica
700 3929 833 3993 satrapia,
853 3927 945 3976 statuit
965 3926 1133 3980 Sauromatas

41 4000 157 4064 accipere
183 4002 273 4051 socios
300 4000 332 4050 ad
359 3999 499 4050 consilium
527 4006 554 4048 et
573 3999 600 4057 ip
620 3998 788 4048 manifestum
806 3998 832 4047 id
850 3996 1012 4080 producere
1051 4014 1133 4065 pare.

40 4066 101 4119 bant
124 4071 190 4121 enim
216 4069 257 4121 illi
277 4070 336 4121 viro
358 4071 438 4133 huic,
461 4071 523 4137 quia
541 4069 631 4120 vicino
654 4069 765 4134 imperio
786 4066 881 4119 hieria
901 4078 980 4120 antea
999 4078 1133 4136 spectatus

43 4148 110 4203 orat,
134 4144 189 4191 tum
216 4143 341 4209 princeps
363 4141 467 4193 urbium
487 4142 558 4192 cirea
577 4141 671 4191 Istrum
692 4141 800 4191 sitarum
820 4139 861 4191 his
879 4135 979 4192 b'elium
1006 4142 1133 4204 inferret,

44 4216 68 4259 et
85 4212 175 4263 τούτου
193 4211 407 4279 periclitaretur,
432 4215 485 4265 nisi
511 4212 653 4265 exemisset
672 4211 742 4264 hunc
763 4212 864 4280 impetu
883 4220 910 4263 et
929 4212 1026 4265 robore
1050 4211 1132 4265 Nice

29 4346 32 4401 Ξ
96 4308 171 4362 Misit.
189 4307 271 4361 attat.
293 4308 358 4365 flat.
928 4308 943 4362 7
