2834 4750
855 73 869 112 Ι

256 285 332 362 tta
564 281 1076 357 mmmmm!

257 459 359 526 αύτού
391 455 536 543 κρύξεσι.
583 457 786 541 καίμύρτυς
812 456 914 532 αύτδς
941 453 1181 542 {semique
1208 449 1301 540 ι’γού,
1322 445 1366 516 ὅτι
1392 483 1412 501 ν

254 559 405 642 δικαστὴς
431 559 486 623 διὰ
516 558 644 643 χρόνον
664 563 790 624 nuos
807 556 993 642 γενῦμενος,
1022 560 1081 621 καί
1097 557 1182 620 πᾶσι
1204 554 1367 638 στρατιιύ-
1411 616 1412 655 ρ

253 683 326 735 ταις
350 663 406 723 καί
433 665 576 736 πολίταις
605 664 662 725 καί
689 653 830 745 ἄρχουσι
862 658 945 726 κατέ
975 682 1011 723 τε
1041 656 1101 740 τὴν
1120 655 1367 738 βασιλεύουσα

253 758 334 825 κατύ
353 781 388 825 τι
406 757 466 834 τύς
492 758 663 840 βασιλικὰς
690 757 895 843 ἐκστρατείας
930 755 1065 832 δικύσας
1094 759 1175 840 περὶ
1197 753 1368 839 διαφέρον

254 858 383 944 φάτταν
402 862 459 922 καί
472 858 668 944 tuatim
689 857 801 922 ούδενί
818 862 1013 946 δικαστηρίρ
1024 859 1136 920 τούτου
1155 843 1260 939 εὗρον
1281 852 1387 917 ded-5

254 983 369 1044 σιμον,
401 959 477 1042 περί
494 963 612 1043 μικρού
639 954 831 1043 ἢμεγιοτου
860 959 1136 1044 κατηγορούμενον
1163 956 1365 1039 πράγματος.

251 1053 354 1144 ἔπαγε
383 1058 538 1145 ύλὴθιιαν
568 1063 623 1125 aaa·
647 1060 794 1145 μα’ρτυρι
818 1062 886 1148 θεᾷ
911 1061 967 1138 καί
991 1060 1033 1122 ού
1051 1059 1177 1140 ψεύδος
1198 1055 1366 1120 κολακικὸν

251 1160 514 1246 a’uopttyyonar.

350 1258 445 1344 Πρὸς
462 1263 574 1326 τοῦτον
594 1253 654 1325 ούν
675 1259 857 1341 daemonas
871 1257 906 1324 τύ
928 1261 986 1343 τῆς
999 1261 1160 1335 πολιτείας
1181 1253 1366 1340 eosdm·
1386 1313 1390 1318 .

252 1385 320 1442 σμα
339 1357 472 1444 πρᾶγμά
492 1385 524 1425 τι
544 1363 649 1448 τολμᾷ
670 1362 734 1425 τύν
757 1358 885 1423 udum
902 1361 1077 1442 γενομέναν
1092 1357 1296 1444 ύπερφέρσν
1317 1357 1399 1424 suite

250 1463 413 1542 μέγιστον.
454 1465 514 1524 τού
530 1459 592 1544 γαρ
612 1461 837 1542 βασιλεύοντος
855 1460 903 1535 εἷς
921 1457 964 1524 τύ
988 1461 1255 1541 ένΒλαχέρναις
1276 1454 1368 1520 α’νύκ.

250 1581 330 1641 τορα
368 1558 449 1622 κατύ
480 1559 538 1643 την
568 1557 721 1643 κυριακην
743 1562 989 1644 προκαθημένου
1018 1558 1072 1621 καὶ
1090 1557 1368 1640 χρηματιζοντος,

254 1659 309 1720 καί
327 1653 431 1741 πάσης
455 1661 512 1741 τῆς
539 1659 719 1742 συγκλήτου
747 1664 984 1743 παρισταμένης
1003 1657 1109 1745 αύτῷ,
1132 1656 1166 1721 οῖ
1188 1659 1227 1720 έν
1249 1659 1298 1743 κρῖ
1316 1679 1367 1736 με.

249 1758 339 1844 γύλιρ
359 1761 480 1838 τεμένει
499 1760 554 1842 τῆς
573 1762 630 1823 τού
651 1764 732 1824 θεού
743 1760 861 1846 σοφίας
881 1757 1146 1843 ἐκκλησιάζοντες,
1169 1756 1288 1822 uina
1308 1753 1366 1842 φύ-

250 1863 308 1940 {ier
328 1860 388 1923 τού
407 1862 563 1939 βασιλέως
589 1859 839 1940 α’ποσεισύμενοι
870 1862 925 1922 καί
950 1859 1277 1943 δημοκρατουμένους
1296 1856 1395 1924 {nv-tt

250 1957 326 2036 τούς
346 1960 505 2044 οἰηθέντες
527 1964 646 2046 (πείθει
666 1961 729 2045 γὰρ
749 1958 768 2024 ὃ
790 1957 887 2045 φόβος
907 1962 960 2025 καί
977 1961 1042 2023 τοῖν
1061 1957 1251 2045 ύνεφίιιτων
1270 1983 1379 2044 aera-¹

249 2062 407 2148 τολμᾶν),
428 2060 655 2144 ἀναγορεύουσι
683 2059 739 2125 τ’ύν
760 2057 973 2146 Βοτανειύτην
999 2065 1133 2141 βασιλέα
1165 2064 1308 2148 λαμπρᾷ
1327 2061 1365 2144 κη’
1411 2090 1412 2099 ¹

251 2161 357 2246 φωνῇ’
372 2162 412 2246 τῇ
444 2158 597 2244 ἐπαύριον
616 2164 673 2243 τῆς
701 2163 956 2245 λαμπαδηφύρου
991 2163 1055 2224 τῶν
1082 2164 1277 2245 θεοφανίοον
1295 2153 1362 2238 ἦτοι
1411 2202 1412 2257 ρ

256 2262 322 2326 τοῖν
345 2255 460 2346 φοίτων
481 2257 608 2345 ἑορτῆς,
627 2258 674 2325 ἔτι
696 2258 813 2325 τούτου
841 2264 875 2325 έν
895 2263 938 2349 τῷ
970 2263 1041 2348 ι’διλρ
1063 2262 1254 2344 καθημένου
1276 2257 1364 2322 πολί-
1411 2294 1412 2307 2

252 2384 352 2445 σματι
372 2357 452 2425 κατύ
473 2360 531 2445 τὴν
557 2363 618 2428 τῶν
640 2361 831 2433 αὐατολικύυ
852 2363 1030 2445 ἔπαρχιοον,
1057 2362 1113 2424 καί
1137 2360 1311 2445 μηδεμιᾶς
1330 2362 1394 2427 att

249 2460 365 2529 radron
395 2464 658 2548 προσδοκωμένης
685 2464 740 2546 τῆς
772 2463 973 2546 ἐκδικήσεως.
1026 2464 1150 2547 οἰηθείη
1183 2464 1212 2525 δ’
1245 2454 1289 2525 ὄν
1314 2481 1359 2533 τις

159 2589 171 2599 ’
249 2556 299 2626 ὅτι
317 2560 569 2646 χρυσοβούλλιον
599 2564 800 2645 αὐαγνιοσθὲυ
818 2562 933 2628 τούτου
961 2562 1015 2627 καί
1035 2561 1076 2627 τύ
1095 2561 1232 2650 θυμήρη
1256 2566 1360 2625 καθυ-
1411 2613 1412 2640 3

251 2662 484 2743 πισχυούμειον
508 2664 696 2747 διιθέρμοινι
721 2661 796 2738 τούς
823 2665 950 2739 πολίτας
969 2661 1048 2749 πρὸς
1069 2662 1127 2747 τὴν
1146 2662 1255 2727 αύτού
1279 2661 1361 2727 οἶκα-
1411 2655 1413 2730 ἶ

251 2759 409 2845 γέρουσιν.
452 2761 511 2825 ούκ
532 2757 599 2827 ἔστι
619 2765 725 2846 τούτο,
748 2764 807 2828 ουίι
833 2762 919 2831 ἔστι·
961 2759 1132 2850 προλαβών
1149 2763 1211 2848 γὰρ
1237 2761 1258 2826 ὅ
1278 2786 1359 2848 κρα-

324 2921 366 2977 13.
386 2924 582 2997 συγκρίιουῦ.

250 3094 309 3145 me,
334 3094 393 3133 cum
419 3080 500 3133 index
519 3096 669 3148 perannat
691 3082 790 3133 multos
810 3097 895 3134 essem
915 3092 943 3135 et
953 3098 1044 3135 omnes
1062 3085 1161 3136 milites
1181 3090 1210 3133 et
1231 3086 1312 3137 eires
1331 3091 1357 3134 et

249 3153 410 3219 imperantes
428 3153 456 3203 in
474 3154 551 3220 regin
575 3160 603 3204 et
619 3154 703 3221 regiis
723 3154 937 3219 expeditionibus
955 3157 1100 3208 indicarem
1123 3156 1156 3207 de
1173 3154 1292 3208 dirersis
1313 3156 1355 3207 ia-

250 3224 299 3275 etis
314 3232 340 3275 et
353 3225 532 3292 argumentis,
552 3222 622 3291 hune
641 3224 718 3275 nuile
736 3226 835 3277 iudicio
854 3226 991 3279 inuenisse
1011 3227 1223 3294 deprehensum,
1242 3237 1356 3294 propter

248 3288 358 3363 partam
385 3292 432 3347 vel
455 3296 594 3346 maximam
618 3304 770 3347 accusatum
789 3311 862 3348 rem:
887 3312 987 3365 apage:
1011 3299 1153 3350 veritatem
1180 3312 1231 3363 per
1255 3306 1355 3350 testem

249 3366 434 3433 deaurataeque
453 3366 617 3417 mendacium
640 3365 765 3420 blandum
784 3367 891 3434 loquor.
1077 3367 1079 3371 ’

348 3452 389 3506 Ad
408 3450 478 3503 hunc
497 3452 580 3520 igitur
598 3454 747 3519 respiciens
773 3456 890 3507 civitatis
912 3455 1051 3509 multitudo
1074 3474 1131 3509 rem
1150 3458 1284 3526 quandam
1305 3474 1353 3509 su.

249 3525 330 3591 scipit
350 3524 431 3575 rebus
457 3538 572 3592 unquam
599 3524 676 3576 iactis
706 3527 873 3592 superiorem
898 3535 925 3578 et
949 3530 1096 3581 maximam.
1146 3544 1214 3597 rege
1234 3529 1353 3580 enimin

248 3595 457 3649 Blachernarum
484 3594 584 3661 templo
612 3596 746 3648 dominica
772 3599 941 3663 praesidente
964 3606 991 3650 et
1009 3608 1135 3652 versante
1157 3609 1186 3651 et
1203 3608 1262 3652 toto
1283 3616 1353 3652 con.

249 3676 334 3719 ventu
354 3668 474 3719 adstante
494 3673 521 3717 et
541 3668 733 3719 convenientes
752 3669 781 3720 in
805 3685 927 3737 magnum
952 3669 1041 3721 fanum
1060 3669 1209 3738 sapientiae
1227 3672 1272 3722 dei
1292 3689 1354 3723 om-

248 3754 308 3791 nem
332 3740 454 3789 timorem
471 3739 544 3804 regis
567 3738 736 3790 excutiebant
761 3747 788 3790 et
812 3741 935 3807 populari
959 3743 1071 3807 imperio
1090 3759 1120 3794 se
1133 3744 1280 3811 gubernari
1299 3760 1353 3810 pu.

248 3816 335 3861 tantes
355 3808 512 3879 (persuadet
531 3810 599 3861 euim
618 3810 705 3874 timor,
725 3817 755 3861 ut
774 3813 853 3863 etiam
873 3827 942 3880 quae
962 3813 1020 3864 fieri
1038 3827 1092 3865 non
1117 3816 1231 3881 possint,
1248 3816 1354 3867 andem

248 3885 320 3951 mus)
347 3880 500 3933 renuntiant
523 3880 690 3933 Bataniatem
718 3896 810 3950 regem
840 3882 913 3934 clara
943 3899 1031 3948 voce,
1056 3893 1166 3952 postero
1188 3887 1234 3937 die
1252 3887 1354 3938 iaeium

248 3947 481 4017 Theophaniorum
500 3952 559 4003 sive
580 3950 708 4003 luminum
729 3953 801 4017 festi,
822 3955 955 4007 etiamtum
981 3955 1032 4006 hoc
1050 3957 1077 4006 iu
1097 3972 1146 4009 suu
1164 3957 1280 4009 sedente
1299 3972 1353 4024 op.

247 4019 311 4087 pido
331 4022 358 4072 in
378 4021 488 4073 orientis
508 4024 648 4089 provincia
666 4023 795 4093 nullaque
822 4040 855 4077 ex
873 4026 925 4077 hoc
949 4034 1102 4093 exspectata
1121 4026 1237 4080 ultione.
1273 4036 1355 4095 putet

248 4088 363 4142 donasse
381 4089 493 4157 aliquis,
513 4092 605 4146 literas
635 4094 713 4148 huius
738 4098 921 4163 imperatorias
951 4098 1076 4150 recitatas
1096 4108 1123 4151 et
1140 4108 1217 4167 grata
1234 4102 1353 4167 promit.

247 4166 336 4216 tentes
354 4159 495 4213 calidiores
515 4165 662 4219 reddidisse
682 4169 756 4220 eines
775 4168 808 4219 ad
827 4170 885 4222 eins
905 4170 1138 4263 renuntiationem.
1159 4186 1213 4223 non
1242 4180 1286 4224 est
1305 4174 1351 4239 ita,
