2834 4750
517 258 725 328 maronii.
1098 245 1171 317 813

178 428 414 510 Φιλόνδρωπος
435 426 471 489 δέ
491 414 536 485 οδν
557 424 602 497 εἷς
623 421 657 485 τό
683 414 763 503 όγαν
786 419 802 482 ό
830 416 982 500 βασιλεός
1005 420 1059 481 καί
1079 410 1173 496 νόμον

63 532 181 611 ἕτερον
202 523 366 610 ἐνεζόωσι
388 524 529 589 θανόντα
555 522 720 601 κοίκεῖνον,
748 520 801 583 καί
822 516 960 583 θάνατον
986 523 1111 589 πολλοῖς
1139 516 1247 579 iunco.
1259 515 1330 573 1080

63 634 129 712 τῆς
151 625 339 712 δνητότητος
352 624 509 704 οἶπότομον
521 626 576 687 καί
596 624 836 705 α’μεταμέλητον
859 615 1099 701 παρεισόξαντα.
1126 614 1173 689 τίς

64 734 108 797 δέ
133 720 235 808 οὗτος,
255 722 273 788 ό
295 724 384 809 λόγος
407 723 542 809 δηλώσει
560 722 690 809 προῖοόν.
735 721 804 785 δέυ
826 724 1011 802 βασιλεῦσιν
1031 718 1174 798 ἀοίδιμος
1218 773 1224 779 .
1257 755 1261 760 ‚

28 835 52 889 5
67 829 246 903 Θεοδόσιος
267 827 507 893 στασιασάντων
528 830 603 891 ποτὲ
616 827 710 889 τινῶν
721 824 789 888 κατ’
811 824 922 897 ου’τοό,
943 818 1068 907 μεγάλην
1079 821 1174 906 θυμῷ

64 934 310 1017 καταφλεχδείς
331 928 388 1011 τήν
411 924 530 1048 ιγγχὴν,
552 923 692 991 θάνατον’
714 950 831 989 τουτων
841 924 1101 1045 ανυπερθετως
1072 943 1174 983 κατε-

64 1034 248 1117 ψηφίσατο.
292 1032 338 1105 εἷς
359 1026 471 1095 ἑαυτὸν
493 1031 528 1094 δέ
547 1028 723 1111 γενόμενος’,
744 1027 921 1109 μᾶλλονδὲ
944 1050 996 1087 και
1017 1016 1173 1105 παρόσον

64 1137 138 1198 τῶν
161 1128 329 1217 θεοφόρων
352 1130 479 1214 οἷνδρων
501 1129 583 1212 μετὰ
604 1132 784 1213 παρρησίας
809 1116 1017 1209 οἷπελεγχθεις
1049 1124 1104 1187 καί
1130 1124 1176 1197 ως

63 1234 245 1318 μιαιφόνος
272 1233 336 1297 των
357 1234 619 1316 ἐκκλησιαστικοόν
642 1231 817 1314 περιβόλων
848 1217 1085 1305 ἀποκλεισθείς,
1114 1246 1174 1305 με-

11 1347 54 1401 10
65 1328 211 1417 τόμελον
230 1330 351 1415 ἔθρεψε
359 1386 368 1415 ,
390 1336 444 1397 καί
467 1331 523 1396 τόν
551 1331 720 1413 ἐλέγχοντα
748 1331 788 1393 δι’
820 1330 928 1401 αἰδοῦς
959 1323 1172 1408 ποιησόμενος
1183 1332 1202 1385 f.
1221 1328 1272 1385 237
1283 1344 1311 1383 v.

66 1438 128 1497 καί
149 1431 314 1515 α’γιιπησας
337 1431 432 1497 αότόν
454 1431 497 1506 σός
518 1428 635 1515 σοφός,
660 1426 747 1513 εἴπερ
773 1430 891 1512 οἷληδές
909 1426 943 1491 τό
962 1422 1092 1507 “elene
1116 1445 1174 1487 σο-

67 1529 155 1619 φόν,
176 1534 243 1615 ,καί
262 1531 419 1614 δγαπήσει
441 1532 515 1611 oc'’,·
538 1528 615 1613 γόνυ
636 1528 734 1617 τοότηι
766 1526 882 1607 ἔκλινε,
915 1529 968 1590 καί
988 1522 1179 1607 συγγνοόμην,
1223 1565 1230 1581 r

66 1630 152 1715 μετὰ
175 1633 291 1715 πολλῆς
322 1634 460 1713 οἰμωγῆς
491 1633 547 1695 καί
581 1634 752 1715 συντριβῆς
780 1622 887 1717 ᾔτησε.
938 1630 994 1691 καί
1024 1628 1086 1689 τοόν
1116 1646 1174 1687 πο-

69 1735 346 1817 πλημμελημένων
368 1732 459 1808 α’ξίαν
482 1732 693 1814 ποιησόμενος
716 1728 774 1813 τήν
795 1728 983 1811 μετάνοιαν,
1004 1730 1058 1791 καί
1079 1728 1173 1789 πλέον

16 1848 57 1901 15
68 1826 151 1917 ἤπερ
174 1834 272 1914 ἐχρῆν
292 1828 402 1919 ἐδιοότη
423 1836 642 1911 ταπεινωθείς,
664 1829 872 1911 συμπάθειαν
894 1826 989 1908 ἔλαβε
1015 1822 1101 1906 παροὶ
1117 1825 1175 1887 τοῦ

70 1930 190 2017 α’νδρός
214 1923 266 2015 (ἦν
288 1933 329 2007 δὲ,
346 1924 438 2006 οὗτος
460 1931 476 1993 ό
498 1935 595 2014 μέγας
616 1931 806 2014 Ἀμβρόσιος
828 1924 843 1991 ό
867 1931 930 1993 τοῖν
963 1922 1174 1991 Μεδιολόνων
1249 1925 1255 1936 “

68 2030 274 2113 ἐπίσκοπος),
296 2036 351 2096 καί
367 2036 421 2115 τῆς
450 2030 621 2116 καθολικῆς
647 2029 812 2113 ἐκκλησίας
843 2031 896 2091 καί
925 2028 979 2111 τῆς
1008 2022 1172 2096 κοινωνίας

69 2125 119 2206 εἷς
141 2136 288 2215 γενέσθαι
310 2134 386 2215 παρ’
407 2129 508 2196 α’ότοδ
528 2136 730 2237 κατηξίωται.
775 2128 878 2194 ἐκτοτε
900 2119 957 2191 οὖν
988 2123 1023 2190 τό
1058 2126 1175 2208 οἷπηνές

70 2232 129 2297 καί
148 2230 307 2311 α’πότομον
329 2235 384 2296 καί
403 2227 539 2316 ἄχρονον
551 2235 606 2317 τῆς
617 2236 773 2314 τιμωρίας
794 2231 983 2301 κινδυνῶδες
995 2230 1050 2291 καί
1071 2220 1174 2290 οἰσόν-

19 2324 203 2416 γοθρωπον
225 2333 441 2416 λογισάμενος,
461 2334 575 2416 χρόνον
591 2330 733 2418 ὁρίσατο
747 2332 805 2416 τη“ν
827 2325 986 2412 decoctis
1007 2332 1063 2413 τῆς
1077 2351 1175 2410 τιμον·
1221 2320 1231 2340 ⁸

69 2439 145 2518 ρίας
173 2438 374 2516 παρέχοντα,
401 2440 559 2510 θεσπίσας
584 2434 629 2518 μὴ
659 2434 735 2516 πρίν
763 2436 804 2496 δι’
828 2434 962 2512 αἵματος
983 2425 1174 2506 κολόζισδαι

71 2528 243 2620 ἄνθρωπον
266 2527 288 2618 ἢ
309 2533 478 2617 τριόκοντα
502 2532 630 2621 ἧμεροῖν
652 2537 875 2626 παρῳχηκέναι
908 2529 1068 2615 διάστημα
1088 2527 1169 2610 μετὰ

69 2633 130 2719 τὴν
151 2641 220 2699 κατ’
254 2636 352 2716 αότοῦ
374 2642 560 2714 τελευταίαν
589 2631 766 2723 ἀπόφασιν.
812 2633 918 2700 ἔκτοτε
950 2634 986 2697 δέ
1014 2630 1030 2695 ό
1058 2631 1175 2716 χρόνος

175 2964 310 3017 llumanus
327 2964 407 3017 valde
425 2979 475 3027 rex
493 2966 573 3018 etiam
589 2966 669 3019 aliam
686 2965 775 3034 legem
794 2965 966 3018 resuscitavit
985 2971 1129 3020 emortuam
1149 2973 1177 3018 ct

74 3039 165 3102 illam,
184 3052 253 3105 quae
271 3044 382 3088 mortem
400 3035 491 3089 multis
516 3054 550 3089 ex
567 3037 730 3090 mortalitate
756 3038 930 3102 praecipitem
949 3042 976 3087 et
993 3037 1176 3102 poeniteutiae

77 3118 213 3176 expertem
232 3108 353 3176 inferret.
392 3124 460 3176 quac
478 3108 546 3160 haec
565 3111 647 3161 inerit
665 3108 750 3159 oratio
771 3107 917 3172 declarabit
935 3107 1093 3173 procedens.
1124 3122 1176 3158 ve.

75 3179 204 3234 nerabilis
222 3181 293 3231 iuter
319 3194 398 3247 reges
419 3179 598 3266 Theodosius,
620 3196 678 3231 cnm
697 3179 856 3232 seditionem
875 3185 1016 3230 moverent
1033 3168 1211 3261 aliquando'x

76 3251 201 3304 nonnulli
221 3260 313 3302 contra
340 3267 414 3316 enm,
438 3266 533 3318 magna
558 3255 598 3304 ira
616 3251 732 3321 flagrans
750 3252 855 3315 animo,
874 3256 985 3300 mortem
1006 3249 1100 3299 horum
1119 3250 1177 3300 siue

71 3337 150 3375 mora
175 3324 321 3374 constituit.
367 3339 424 3374 cnm
451 3331 539 3374 autem
557 3339 647 3374 secum
676 3331 748 3374 esset
765 3323 902 3406 magisque
933 3321 1012 3371 ctiam
1030 3336 1046 3370 a
1065 3320 1178 3388 quodam

78 3395 227 3447 divinornm
255 3395 373 3445 virorum
402 3394 487 3445 libere
506 3395 705 3462 vituperaretur
732 3402 758 3444 et
777 3395 852 3460 quasi
870 3393 1023 3460 inquinatus
1044 3390 1178 3442 ecclesiae

29 3463 37 3476 '
77 3465 158 3518 muris
176 3464 373 3530 excluderetur,
385 3467 577 3534 poenitentiam
594 3465 661 3517 aluit
673 3473 699 3515 et
715 3465 910 3532 vituperantem
922 3465 1024 3514 veritus
1044 3471 1070 3513 et
1089 3477 1178 3514 amans

79 3552 138 3588 eum
157 3543 187 3586 ut
205 3537 321 3600 sapiens,
341 3538 364 3587 si
384 3538 487 3604 quidem
507 3552 600 3588 verum
620 3537 750 3604 estquod
772 3537 882 3588 dicitur:
909 3536 1049 3601 „vitupera
1068 3535 1178 3600 sapien.

78 3617 131 3659 tem
150 3613 178 3656 et
195 3605 293 3656 amabit
310 3614 363 3669 tc‚“
385 3615 411 3658 et
428 3608 535 3659 veniam
557 3625 615 3660 cum
634 3608 717 3659 multa
735 3606 925 3658 lamentatione
955 3613 981 3658 et
999 3604 1107 3672 planctu
1126 3620 1178 3672 pe-

77 3678 160 3741 tivit,
189 3685 216 3727 et
241 3684 412 3742 peccatorum
439 3680 544 3745 dignam
569 3681 710 3730 instituens
734 3679 925 3744 poenitentiam
952 3685 978 3728 et
995 3677 1079 3744 magis
1101 3691 1178 3744 quam

78 3748 169 3800 debuit
185 3748 292 3814 privato
311 3747 440 3800 demissus
458 3751 667 3802 miscricordiam
687 3751 826 3816 accepita
855 3750 915 3800 viro
938 3751 1010 3816 (erat
1028 3755 1115 3798 autern
1133 3747 1179 3797 hic

78 3834 188 3887 magnus
206 3817 379 3881 Ambrosius,
404 3820 611 3872 mediolanensis
631 3821 806 3888 episcopus):
831 3828 911 3887 atque
929 3817 1065 3888 generalis
1085 3817 1178 3869 eccle.

78 3893 134 3944 siae
153 3899 181 3941 et
199 3890 337 3942 socletutis
358 3904 419 3956 pars
437 3891 495 3941 lieri
515 3890 547 3940 ab
572 3906 605 3941 eo
630 3892 753 3959 dignatus
778 3898 826 3941 est.
866 3891 961 3942 exinde
979 3891 1062 3956 igitur
1080 3890 1178 3941 crude.

77 3962 130 4013 lem
159 3968 186 4012 ct
203 3962 376 4029 praecipitem
404 3969 430 4011 et
455 3969 647 4028 praematuram
672 3962 802 4012 rationem
832 3975 935 4027 poenae
954 3960 1132 4027 periculosam
1152 3970 1179 4013 et

79 4034 216 4084 immanem
243 4040 314 4096 ratus
346 4038 449 4098 tempus
470 4033 622 4096 constituit,
648 4032 803 4084 dilationem
827 4045 932 4098 poenae
951 4030 1098 4098 praebens:
1119 4033 1178 4085 cdi.

81 4118 158 4167 cens,
183 4119 218 4154 nc
241 4112 320 4156 antea
339 4105 469 4171 sanguine
488 4105 626 4170 puniretur
646 4104 800 4172 quisquam,
831 4109 970 4171 antequam
990 4103 1098 4171 triginta
1117 4105 1178 4156 dia.
1259 4131 1263 4138 ·

80 4187 137 4226 rum
154 4177 337 4242 praeteriisset
355 4177 468 4244 spatium
488 4184 550 4242 post
575 4175 711 4236 ultimum„
722 4175 872 4228 sententiae
892 4182 983 4228 contra
1001 4189 1059 4228 eum
1078 4176 1177 4230 editio.
1226 4178 1233 4189 '
