2834 4750
262 210 341 289 sm
558 213 783 287 menimis
808 158 1072 285 immores

263 405 317 459 τις
349 384 411 463 γῆν
437 378 562 461 χρυσὸν
584 387 649 455 τοῖς
671 378 810 463 ρἐάμασι
831 376 1032 463 παρασάρειν
1061 375 1274 460 ἱστόρηνται.
1320 378 1391 439 citt

264 485 396 569 Πειλῷα
409 477 555 563 ῥεάμοτα
570 482 674 545 πάντα
693 477 773 561 πρὸς
787 476 822 545 τά
835 472 932 563 άκρον
950 482 1006 560 tit
1022 482 1084 542 τόν
1096 474 1322 561 δωρημάτων
1333 475 1390 541 αδ-

263 583 322 647 τνῦ
341 581 528 665 περιουσίας
546 585 814 663 παρεμετροιῑντο.
839 581 894 644 καί
904 577 941 644 τὸ
956 582 1072 659 θαῦμα
1084 585 1150 651 τοῖς
1174 572 1272 651 ὅλοις
1287 576 1391 661 άπερ-

264 678 455 761 osismos
475 673 526 765 ἢν,
546 672 622 744 ὅθεν
641 679 680 744 τά
696 682 753 744 τοῦ
776 678 914 744 πλοδτου
935 682 990 743 κοί
1005 682 1059 760 τής
1080 678 1256 762 α’φθονίας
1271 674 1392 760 ταάτης

263 780 332 858 τνίς
353 780 540 864 άναπτάροις
560 778 741 865 ἐπήντλητο.
792 782 823 844 εἶ
839 777 903 864 γάρ
926 778 1056 859 κρουνοὶ
1075 781 1217 860 χρυσᾶν
1243 776 1404 862 ῥείθρῳ

261 876 338 964 ἄρτι
358 887 428 948 νδον
448 878 482 960 ἐξ
498 876 706 962 δποβρυχίων
726 880 840 946 τούτου
863 882 972 964 μεριόν
992 877 1245 961 ε’πηχάοδησαν,
1270 879 1332 939 υιίκ
1354 871 1392 940 άν

262 984 311 1059 τίς
338 978 490 1065 τιιοάτην
517 980 692 1061 μετάδοσιν
717 986 771 1046 καί
800 984 988 1066 προαίρεσιν
1016 982 1052 1043 ἐν
1081 978 1213 1059 σ’λίχαις
1251 976 1391 1059 ἡμέραις

157 1114 162 1121 ·
263 1086 398 1168 α’ρκδναι
424 1077 612 1167 ηδτόνησαν.
665 1086 725 1147 νῦν
745 1085 781 1147 δὲ
800 1086 856 1167 τῆς
869 1075 1006 1167 ,φάσεως
1037 1077 1082 1164 μή
1103 1081 1302 1152 δεδωκυίας
1321 1100 1389 1141 τοι-

262 1187 356 1267 αῦτα,
376 1186 526 1268 φαίνεται
552 1183 610 1276 τήν
627 1182 818 1268 ὖπέρφωιον
838 1180 936 1265 χάσιν
963 1185 1021 1265 τῆς
1052 1182 1271 1262 τριλιιμποῦς
1293 1175 1386 1261 τριά-

262 1287 318 1361 δος
338 1284 417 1368 ὖπδρ
440 1282 539 1370 φάσιν
554 1280 749 1367 κατάλληλον
770 1289 811 1372 τῇ
829 1280 1017 1368 προαιρέσει
1030 1278 1087 1363 τήν
1106 1282 1281 1363 χορηγίαι
1303 1279 1404 1365 cultris<

262 1381 528 1471 πριμηθεάεοδαι
556 1389 622 1448 τοῖν
646 1390 840 1468 τηλικούτων
871 1384 1089 1447 πλουτοποιοῖν
1118 1377 1312 1445 ἐπιδόσεων
1336 1382 1381 1442 καί

262 1491 326 1553 τάν
350 1486 494 1568 οἰκτίρων
523 1484 602 1568 πρὸς
622 1476 741 1567 άπειρα
763 1486 869 1569 πλήθη
893 1482 1155 1568 φιλοτιμημάτων
1187 1478 1252 1544 καί
1273 1481 1380 1560 δεξιά-

263 1609 358 1653 σεων.
401 1582 436 1647 ιδ
460 1583 524 1666 γάρ
553 1586 680 1661 ειίτελδς
702 1588 807 1669 δοῖρον
836 1586 1061 1650 πεντεκαίδεκα
1087 1585 1209 1663 λιτρῶν
1234 1577 1378 1666 ὑπῆρχον

265 1684 464 1766 άπάδεομος,
498 1684 658 1767 α’κινήτων
686 1683 825 1770 κτήσεων
855 1681 1107 1772 ἑκατοντάλιτροι
1127 1685 1279 1767 δωρεαί,
1304 1682 1377 1764 πρός

264 1782 319 1865 σάς
341 1790 377 1853 δδ
394 1789 451 1851 καί
472 1788 521 1861 δίς
544 1787 703 1851 τοσούτων
726 1787 783 1849 καί
801 1783 884 1870 τρίς,
908 1784 1073 1870 δφφικίων
1090 1790 1258 1848 παντοίων
1282 1787 1404 1855 ἕπον-15

261 1887 388 1973 κλήσεις
410 1884 466 1951 καί
494 1889 648 1969 ποροχοί.
704 1887 761 1949 καί
790 1886 842 1949 ἵνα
863 1910 893 1949 τι
915 1880 1057 1949 cussinis
1086 1886 1178 1969 εἴπω,
1198 1888 1272 1950 πάν
1298 1879 1375 1959 είδος

261 1985 473 2073 χαρισμάτων
493 1994 560 2063 τοῖς
582 1990 800 2070 προλαβοῦσα
830 1984 1058 2071 ἐπεψηφίζετο.
1110 1988 1151 2050 ον’
1171 1985 1241 2069 γάρ
1263 1990 1301 2050 ἐν
1323 2010 1374 2049 πε-

169 2157 175 2169 ,
260 2090 454 2171 ριλάμπροις
476 2084 636 2167 άξιάμαοι
658 2083 754 2168 μόνον
774 2088 836 2153 τοῖν
856 2090 1031 2169 βασιλικῶν
1051 2087 1320 2170 είερχετημάτοον
1341 2086 1372 2152 τὸ

258 2191 355 2273 χίρας
376 2190 548 2269 ἐδείκνυτο,
569 2185 652 2251 ἄλλά
676 2188 733 2251 καί
753 2188 787 2250 ε’ν
816 2186 991 2273 δφφικίοις-
1002 2189 1058 2252 καί
1079 2186 1188 2272 α’χροῖς
1212 2190 1271 2253 καί
1292 2213 1371 2271 χρυ-

259 2289 341 2365 σίοις
376 2289 433 2352 καί
460 2289 702 2374 δποοκοροκίοει
732 2290 890 2373 ἒπηρειοόν
918 2290 973 2352 καί
993 2290 1095 2371 παντί
1115 2291 1158 2377 τῷ
1179 2292 1401 2376 suasoribus

258 2413 292 2456 τι
314 2393 370 2454 καί
390 2393 599 2475 συμφέροντι.
660 2390 766 2464 ου’δείς
800 2389 865 2473 γάρ
886 2383 983 2476 ᾔτησε
1007 2392 1071 2454 τάν
1100 2385 1254 2454 ἁπάντων
1278 2384 1317 2463 ὃς
1338 2389 1370 2452 ου’

258 2494 442 2575 παραυτίκα
467 2493 523 2574 τῆς
552 2484 706 2572 αἰτήσεως
738 2485 845 2571 ἔτυχε.
894 2490 1089 2572 καὶμᾶλλον
1118 2487 1203 2572 ἱεροί
1225 2493 1305 2555 ναοί
1322 2493 1370 2553 κοί

258 2595 334 2655 θεία
353 2595 470 2675 τεμένη
492 2589 547 2655 καί
567 2587 798 2676 ’φροντιστήριιι
818 2588 923 2656 πάντα
951 2595 1005 2656 καί
1027 2589 1220 2676 ἱλαστήριον·
1265 2587 1368 2656 κοινάν

328 2762 355 2818 lt.
374 2779 408 2816 an
427 2764 544 2820 πόδενλ
625 2766 651 2818 7.
671 2767 775 2835 ταύτην
796 2766 826 2821 G.

259 2925 353 2964 mum
364 2910 487 2965 omnibus
505 2912 613 2964 trabere
626 2914 691 2965 dicti
708 2922 786 2966 sunt:
805 2930 895 2982 neque
906 2913 962 2967 uili
974 2929 1068 2986 amnes
1085 2929 1177 2968 οπιιιω
1196 2931 1249 2984 pro
1269 2933 1364 2972 ma

259 2986 319 3036 eius
336 2984 467 3036 donorum
486 2984 566 3051 copia
584 2986 808 3038 aestimabantur:
837 2995 916 3053 atque
942 2987 1099 3038 miraculum
1116 2989 1253 3042 universis
1273 2991 1364 3058 ingens

259 3063 335 3108 erut:-
363 3056 433 3107 undo
456 3056 569 3108 divitiae
598 3065 624 3108 et
647 3058 727 3124 copia
745 3059 773 3108 in
797 3058 873 3126 regia
891 3058 1074 3109 accumulatae
1103 3067 1187 3110 eraut.
1228 3065 1328 3114 etenim
1344 3063 1363 3112 si

259 3126 349 3180 lontes
368 3142 511 3179 aureorum
531 3129 648 3178 amnium
667 3137 792 3180 recenter
806 3145 839 3180 ex
855 3128 969 3181 humidis
990 3131 1047 3184 eius
1065 3130 1185 3196 partibus
1198 3132 1362 3184 adducerer.

256 3206 310 3263 tur,
328 3214 384 3251 nou
405 3199 438 3249 ad
458 3199 527 3250 banc
539 3197 727 3250 liberalitatem
747 3206 773 3249 ct
791 3199 959 3251 voluntatem
975 3216 1024 3266 per
1041 3216 1142 3267 paucos
1161 3203 1222 3254 dics
1241 3205 1361 3256 sulficere

258 3270 392 3324 νολοτειιλ.
430 3270 470 3323 sic
487 3278 575 3321 autem
595 3286 653 3321 cum
672 3279 767 3322 nutura
785 3269 849 3322 talia
869 3285 925 3321 non
946 3272 1057 3336 dederit,
1080 3274 1185 3326 videtur
1206 3275 1305 3328 effusio
1323 3277 1359 3327 di-

256 3343 320 3395 vina
338 3341 514 3394 terlucentis
539 3342 665 3393 trinitatis
686 3357 766 3408 supra
788 3351 909 3394 naturam
929 3343 1134 3410 respondentem
1161 3345 1297 3398 uoluntati
1316 3365 1359 3398 cu.

255 3427 332 3465 rasse
349 3413 375 3463 ei
393 3412 462 3464 tales
480 3412 579 3465 divites
598 3414 771 3465 accessiones
790 3421 817 3464 et
834 3415 975 3465 immensas
995 3415 1028 3466 ud
1045 3416 1199 3468 immensam
1212 3419 1357 3470 multitudi.
1391 3457 1392 3463 ,

255 3499 319 3536 nem
337 3484 498 3539 donationes
526 3491 552 3534 et
575 3482 750 3552 largitiones:
779 3483 836 3536 vile
855 3485 923 3536 cuim
943 3487 1040 3538 donum
1064 3487 1218 3553 quindecim
1238 3488 1356 3542 librarum
1390 3537 1391 3554 ἢ

256 3564 315 3607 erat
334 3553 472 3622 vectigal,
498 3554 663 3606 immutatum
683 3556 883 3622 possessionum
905 3556 974 3608 dona
992 3564 1096 3608 contum
1115 3556 1265 3611 librarum:
1284 3577 1355 3628 prae-

256 3634 333 3679 terea
352 3627 431 3678 etiam
451 3624 533 3691 duplo
555 3633 582 3676 et
599 3625 681 3692 triplo
701 3626 851 3678 ciliciorum
878 3627 1013 3678 variorum
1040 3631 1214 3682 accessiones
1236 3640 1262 3684 et
1279 3633 1354 3699 lurgi-
1389 3613 1390 3645 λ

237 3699 353 3762 πίομαι,
373 3706 453 3766 atque
474 3705 504 3747 ut
521 3696 598 3748 brevi
617 3697 718 3759 dicam,
746 3712 824 3749 omne
851 3713 936 3765 genus
955 3714 1092 3750 munerum
1119 3700 1294 3768 amplioribus
1311 3705 1353 3756 de.
1388 3685 1389 3737 l

254 3769 433 3822 cernebaturs
452 3783 541 3836 neque
562 3769 631 3820 eninr
650 3770 678 3819 in
697 3768 847 3820 illustribus
859 3769 1031 3837 dignitatibus
1050 3770 1137 3822 solum
1155 3774 1294 3841 regiorum
1310 3776 1354 3827 be·
1387 3757 1388 3829 λ

252 3840 416 3892 ueliciorum
435 3839 522 3890 bonor
541 3839 700 3906 appareban-
721 3841 767 3891 sed
787 3842 865 3891 etiam
883 3843 911 3892 iu
937 3841 1033 3893 ciliciis
1054 3851 1081 3893 et
1103 3845 1176 3912 egris
1197 3853 1225 3896 et
1243 3849 1352 3912 pecuniis
1385 3839 1387 3921 l

259 3919 287 3961 et
309 3910 430 3978 expulsis
449 3911 528 3963 minis
554 3918 581 3960 et
601 3910 723 3962 omnibus
742 3927 810 3980 quae
835 3913 1018 3964 desiderantur
1044 3921 1070 3967 et
1088 3913 1166 3966 utilia
1187 3925 1266 3969 suut:
1284 3931 1351 3969 nemo
1385 3927 1386 4014 χ

258 3981 330 4032 enlm
348 3985 467 4035 omnium
484 3982 592 4048 rogavit
611 3983 683 4049 quid,
703 3985 769 4050 quin
794 3984 881 4035 statim
900 3985 1041 4052 rogatione
1059 3987 1207 4052 potiretur:
1227 3992 1351 4058 magisque

256 4052 358 4119 tempu
376 4062 468 4105 saneta
486 4061 513 4104 et
527 4054 619 4106 divine
637 4054 699 4104 iana
719 4055 915 4110 etmonssteria
934 4056 1021 4106 omnis
1041 4063 1067 4106 et
1085 4056 1247 4110 clementiae
1266 4063 1348 4114 sedes:
1382 4025 1385 4108 λ

254 4124 406 4179 emmonis
427 4125 500 4178 enim
519 4132 578 4178 erut
588 4123 728 4178 beatitudo
746 4127 775 4180 in
794 4125 925 4192 omnibus,
945 4134 972 4180 et
991 4129 1140 4182 communis
1156 4128 1349 4186 beneficientiae
1381 4109 1384 4196 Ι
