2834 4750
510 167 733 268 ‘nrmonm
870 157 879 163 ’
1129 196 1179 276 το

70 349 234 434 διαδοχήν
253 352 431 434 ἱσταμένων
452 351 629 441 ὑπόπτερος
650 356 770 425 ῶσανεί
789 363 827 447 τῇ
844 361 1016 447 Ἀδριανοῦ
1038 333 1182 448 παραδί·

70 454 168 517 δοται
181 451 280 518 πόλει.
305 455 362 518 καί
380 455 592 540 συνήθροιστο
616 461 679 523 πᾶν
700 460 815 525 αὐτίκα
832 464 922 542 μάλα
943 462 979 526 τό
1004 461 1064 547 τήν
1083 487 1182 549 στρα·

69 553 229 634 τεόσιμον
248 553 376 638 ήλικίακ
396 549 647 641 ἐχονὲσπέριόν·
678 562 734 624 καί
753 561 807 625 διά
829 563 889 626 odo
910 567 965 627 καί
985 568 1082 647 τριῶν
1100 566 1183 650 ήμε-
1269 597 1274 600 ·

70 655 142 738 ρῶν
162 655 209 728 εἰς
230 659 349 738 πλῆθος
362 659 445 742 μέγα
464 656 519 724 καί
532 659 688 742 στρατιάν
705 659 867 746 α’ξιόλογον
881 667 1068 747 παραδόξως
1090 668 1184 732 ἐπαί-

37 776 167 838 5ρεται
191 754 210 839 ή
231 758 450 842 σονάθροισις.
508 758 563 822 καί
591 769 656 835 τοϊς
684 761 889 846 παρασήμοις
908 769 1080 850 κοσμηθεὶς
1099 766 1182 846 μετά

71 858 134 937 τῆς
165 857 333 938 βασιλικῆς
363 853 500 940 ἐσθῆτος
520 856 545 942 ’,ὃ
580 862 741 946 φυγαόίας
769 860 943 946 στρατηγός
973 863 1181 948 αὐτοκράτωρ

72 953 167 1037 παρά
190 955 253 1019 τῶν
283 953 442 1020 συνόντων
472 957 695 1044 α’νηγορεόθη,
728 958 784 1024 καί
803 957 908 1043 διττήν
928 957 1041 1046 ἐτέραν
1060 963 1189 1046 ἡμέραν·

75 1051 235 1118 διαλιπών
257 1049 387 1140 ῶρμησε
409 1057 470 1121 σόν
490 1061 588 1145 πολλῇ
623 1056 813 1143 πεποιθήσει
832 1061 913 1140 πρός
933 1057 988 1144 τήν
1009 1059 1184 1141 εόδαίμονο

73 1151 297 1236 μεγαλόπολτν.
350 1155 381 1222 οἱ
411 1159 446 1222 δὲ
470 1163 689 1243 προαχθέντος
718 1163 805 1243 παρά
828 1165 887 1225 τοῦ
909 1159 1185 1244 βασιλεόοντοςέξ

16 1255 180 1338 1οαότής
210 1257 424 1339 στρατιῶται,
454 1261 510 1322 καί
537 1283 618 1334 τινες
647 1265 709 1325 τῶν
741 1259 905 1345 ἐπισήμων
935 1263 993 1325 τοῦ
1025 1258 1182 1326 παλατίου
1272 1323 1276 1331 ,

74 1358 308 1438 προσμένοντες
339 1358 372 1432 ἐς
395 1351 477 1423 άστα
499 1364 556 1442 τῆς
580 1363 805 1446 Σηλυμβρίας,
826 1361 869 1436 οός
891 1361 1012 1444 ἔμαθον
1027 1358 1085 1444 τήν
1106 1359 1184 1424 rod-
1258 1422 1262 1432 ,

75 1479 133 1520 του
157 1453 274 1541 ἔφοδον
294 1456 413 1543 πολλήν
435 1459 489 1524 καί
510 1460 700 1526 άνόποιστον
722 1461 765 1537 ῶς
784 1466 884 1547 βαρεῖ
901 1465 1023 1550 στρατιή
1045 1461 1101 1527 καί
1119 1483 1183 1542 μα·

72 1552 248 1646 χιμωτάττηι
267 1562 552 1644 σογκροτουμένην,
576 1551 597 1647 ᾗ
618 1561 724 1626 ποδῶν
736 1555 824 1644 εἶχον
846 1564 1009 1646 γεγόνασιν
1029 1559 1184 1646 όπισθόρ·

71 1678 181 1740 μητοι.
226 1658 281 1720 καί
313 1655 343 1722 oi
364 1657 498 1724 ἐπὶτῶν
520 1659 709 1745 όπαίθρων,
732 1654 961 1748 ἐφοδιάσαντες
980 1658 1116 1737 ἐαυτοός
1137 1661 1183 1740 ῶς
1214 1679 1218 1693 ’

22 1768 61 1820 15
72 1753 199 1846 ἑκάστην
222 1767 356 1840 παρεῖχε
385 1757 419 1825 τό
454 1763 648 1843 ἐπικείμενον
677 1765 734 1827 rod
761 1764 895 1848 καιροῶ,
923 1759 976 1827 ἐπὶ
996 1760 1052 1838 τάς
1079 1760 1183 1836 πάλας

71 1857 223 1922 οόθοῦντο
242 1850 302 1942 τῆς
318 1859 445 1942 πόλεως,
467 1852 563 1936 ἄλλος
584 1853 679 1925 άλλον
702 1863 904 1946 προφθάνειν
919 1860 1182 1944 κατοπειγόμενοτ.

72 1953 194 2041 μικρόν
215 1961 244 2022 δ’
265 1951 401 2041 ὕστερον
423 1954 442 2043 ἢ
463 1962 523 2023 τοῦ
544 1962 727 2037 ἀσυστάτου
747 1962 901 2046 ἐπιδημία
923 1961 1045 2048 φοβερά
1062 1985 1110 2036 τις
1131 1964 1187 2023 καί

74 2058 313 2142 καταπληκτική
335 2057 569 2144 κατηγγέλλετο,
591 2063 675 2150 ἵππῳ
689 2066 904 2150 στρατιωτικῷ
926 2060 982 2125 κατ’
994 2063 1110 2148 πεζικῷ
1123 2061 1185 2124 δυ-
1247 2115 1250 2122 .

76 2158 175 2239 νόμει
204 2159 251 2242 μή
280 2161 462 2226 α’ποδέουσα
495 2160 575 2247 πρός
605 2161 715 2247 μάχην
746 2159 923 2246 βασιλικήν.
976 2164 1125 2250 ἐδηοόντο
1147 2163 1184 2225 δέ

25 2262 136 2324 warni
155 2260 192 2323 τά
218 2258 434 2344 προστυχόντα
469 2263 524 2325 καί
544 2259 776 2346 διηρπάζοντο·
827 2266 882 2327 καί
901 2261 1031 2336 ου’δενός
1052 2257 1182 2344 ήττάται

79 2362 144 2427 τῶν
166 2362 301 2426 ἐθνικῶν
323 2359 340 2425 ό
361 2355 516 2448 ἐμφόλιος
536 2364 682 2443 πόλεμος.
726 2364 885 2448 τειχήρεις
899 2358 956 2429 σόν
974 2357 1131 2448 γεγονότος
1155 2359 1186 2425 οἱ

80 2462 157 2545 περί
175 2461 234 2546 τήν
253 2464 485 2546 βασιλεύουσαν
514 2463 632 2547 σχεδόν
654 2461 789 2541 άπαντες
815 2469 878 2530 τῶν
905 2462 994 2539 ἐντός
1020 2456 1106 2545 εἶχον
1126 2463 1185 2546 τήν

82 2564 236 2649 φυλακήν,
251 2566 401 2648 ἰσχυρῶς.
451 2565 507 2629 καί
538 2562 724 2647 όβασιλεός
758 2566 812 2632 ἐπί
836 2568 890 2650 τής
920 2567 954 2631 ἐν
986 2567 1185 2648 Βλαχέρνοιις

138 2758 143 2765 -
157 2725 199 2782 18.
219 2742 252 2779 an
272 2692 394 2797 στρατοῦ
413 2729 534 2785 ἱππικοῦ
546 2732 595 2786 καὶ
611 2727 752 2792 ucciandi

86 2910 145 2946 cum
169 2892 245 2956 love,
273 2890 340 2943 clam
366 2892 442 2959 regia
469 2892 574 2944 excedit
603 2899 630 2942 et
654 2892 731 2959 equis
754 2891 782 2942 in
807 2892 1006 2943 successionem
1035 2889 1186 2943 constitutio

85 2962 161 3035 quati
178 2964 299 3015 volucris
317 2963 512 3030 Adrianopolin
532 2962 664 3015 defertur:
686 2970 713 3014 el
731 2962 908 3015 convolarunt
926 2976 1018 3013 omnea
1038 2962 1124 3013 atatim
1140 2963 1186 3030 qni

84 3045 199 3089 aetatem
219 3036 362 3087 militarem
383 3035 513 3086 haberent
533 3050 658 3101 vespere,
679 3043 706 3086 et
719 3049 767 3098 per
785 3035 851 3085 dune
870 3043 897 3084 et
915 3042 969 3084 tres
989 3034 1093 3084 diesin
1113 3031 1185 3081 mul.

84 3108 222 3160 titudinem
242 3120 362 3174 magnam
374 3114 401 3157 et
420 3108 564 3157 exercitum
574 3106 769 3157 memorandum
782 3106 849 3155 mire
862 3105 1009 3170 adaugetur
1027 3108 1185 3165 conventus,

71 3188 113 3232 ct
125 3178 273 3245 insignibus
294 3186 401 3236 ornatus
416 3194 475 3228 curn
496 3178 571 3244 regia
598 3185 674 3228 veste
695 3173 770 3227 exsul
791 3175 839 3226 ille
860 3192 875 3226 a
894 3172 1079 3241 praesentibus
1097 3174 1185 3238 impe.

84 3260 157 3303 rator
182 3250 302 3301 dominus
328 3250 494 3300 renuntiatus
521 3256 561 3298 est
587 3256 613 3297 et
638 3247 751 3298 alterum
776 3248 845 3299 diem
863 3248 1030 3298 interiiciene
1049 3244 1186 3311 proiectus

86 3330 127 3373 eet
154 3320 236 3371 multa
262 3336 321 3371 cum
348 3320 508 3371 confidentia
534 3326 626 3369 contra
648 3318 753 3386 beatam
778 3319 879 3370 urbern.
924 3319 1009 3369 coacti
1035 3330 1134 3384 aroge
1153 3330 1187 3368 ex

86 3394 133 3445 illa
152 3392 251 3442 milites
271 3399 298 3441 et
315 3389 437 3442 nonnulli
456 3391 574 3442 illustres
587 3389 679 3455 palatii
700 3398 886 3456 exspectantur
904 3390 931 3440 in
952 3390 1019 3441 urbe
1038 3388 1187 3452 Selymbria

86 3473 115 3516 ut
141 3471 304 3529 acceperunt
328 3462 406 3515 buius
425 3464 567 3515 adventum
585 3477 708 3530 magnum
728 3470 754 3512 et
773 3461 971 3513 intolerabilem
991 3462 1090 3528 quippe
1109 3459 1188 3525 gravi

87 3535 205 3587 exercitu
225 3541 252 3583 et
271 3535 468 3601 pugnacissimo
488 3532 667 3596 conciliatum,
688 3533 799 3598 pedibus
819 3549 870 3601 qua
916 3538 1061 3598 potuerunt
1079 3527 1188 3578 luerunt

87 3608 212 3659 reduces:
232 3612 310 3672 utque
322 3606 365 3672 qui
378 3606 405 3653 in
422 3613 515 3670 aperto
536 3618 627 3670 campo
642 3621 671 3654 se
693 3605 863 3656 instruxerim
896 3612 924 3653 ut
945 3604 1042 3667 cuique
1061 3615 1090 3648 se
1105 3614 1186 3665 prae.

88 3679 142 3730 buit
169 3684 272 3742 tempus
299 3690 426 3741 praesens
454 3677 486 3726 ad
504 3684 593 3741 portas
615 3669 826 3741 reprimebantur
847 3674 919 3723 urbia
940 3689 998 3722 eum
1018 3671 1087 3722 aliun
1106 3670 1187 3722 aliurn

89 3750 189 3801 anteire
215 3746 341 3797 studeret.
381 3745 472 3812 paullo
499 3753 559 3811 poet
579 3756 666 3797 autem
686 3754 823 3811 apostatae
842 3744 974 3795 adventuo
992 3743 1140 3794 horrendus
1161 3750 1188 3792 et

89 3819 215 3871 terribilis
241 3819 426 3880 nuntiabatur,
452 3831 505 3879 non
532 3832 625 3868 carens
653 3818 772 3883 equitatu
798 3815 904 3865 militari
926 3822 952 3865 et
970 3816 1087 3882 peditum
1107 3816 1135 3866 vi
1153 3814 1188 3865 ad

89 3906 199 3959 pugnarn
220 3890 335 3955 regiam:
356 3888 528 3942 vastabantur
547 3896 634 3938 nutem
651 3889 728 3937 etiarn
748 3902 816 3955 quac
836 3896 1008 3938 occurrerent
1028 3893 1054 3937 ct
1072 3886 1186 3953 diripio.

88 3964 190 4022 bantur,
216 3976 305 4027 neque
331 3961 388 4010 ullo
414 3959 553 4027 gentilium
580 3958 692 4008 inferius
720 3966 760 4007 est·
785 3958 915 4008 internum
939 3958 1055 4010 bellum:
1082 3956 1186 4009 obsessi

90 4037 168 4103 igitur
193 4034 262 4100 regii
289 4032 347 4082 iere
372 4047 464 4081 omnes
489 4046 577 4081 rerum
603 4044 671 4096 quae
697 4030 767 4079 intuo
791 4033 882 4093 erant,
900 4032 1062 4097 praesidium
1082 4029 1186 4080 fortiter

90 4104 261 4159 exercebant:
287 4112 314 4156 et
337 4119 385 4158 rex
409 4105 437 4157 in
461 4118 525 4156 arce
549 4101 757 4157 blachernarum
782 4102 877 4158 sedena
897 4102 1004 4156 dolebat
1028 4101 1187 4155 familiarem
