2834 4750
222 223 293 300 150
520 223 740 294 ΙΙΕΗΑΕΗΒ
769 217 1029 290 ΛΠΔΠΟΊΔΕ
1406 226 1408 285 λ

219 395 471 482 περιαρτοῦμικοι
492 390 583 477 λόχοι
605 396 783 474 πολεμικῶν
801 391 1032 476 ἀγωνισμάτων
1053 388 1163 471 ἐκτός,
1187 392 1259 454 καὶ
1277 386 1351 471 τρό-
1406 338 1408 383 y

222 522 279 563 πον
301 495 371 562 τινὰ
397 500 452 618 τής
474 492 645 579 ἐναγωνίου
670 492 778 581 μάχης
801 495 1041 578 ἐπιλελησμένοι
1063 492 1120 558 κατ’
1137 493 1354 574 συμπλοκῆς.

325 595 432 662 Και
416 621 432 660 ο
453 599 513 677 μὲν
537 597 765 681 Τραχαυιοὶτης
786 595 862 670 τοῦς
895 597 1098 672 ἐπιλέκτους,
1121 619 1170 669 ιος
1194 593 1356 676 προδιεί-

84 707 348 785 1197τληπται,
370 689 698 780 προσλαβόμενος,”
676 722 759 780 αρας
781 698 903 761 ἐκεῖθεν
934 699 992 779 τῆς
1013 697 1067 759 ε’πι
1089 693 1127 758 τὸ
1150 697 1280 759 Χλίατ
1302 718 1358 778 φε-

225 797 341 886 ροῦσης
362 792 492 880 ήπτετο,
513 795 773 880 παραβοηθήσωυ
792 803 857 872 τοῖς
887 802 1163 877 προαποσταλεισι
1196 792 1378 870 Σιτῦθαιςς

224 925 276 966 και
273 895 450 984 Φράγγοις
475 894 661 981 (ἀπήγγελτο
682 923 743 981 γαρ
766 921 845 979 μετα
867 894 1010 980 πλήθους
1028 896 1254 979 μυριάνδρου
1280 892 1358 968 τοῦς

225 1003 384 1073 ἑυαυτιόυς
414 999 522 1072 adroic
553 994 809 1083 ἐπιφέρεσθαι),
837 999 894 1060 καί
923 990 991 1076 ἅμα
1014 996 1241 1114 συοτηρήσωυ
1268 995 1358 1068 ἐκτὸς

225 1089 288 1164 τοῦ
301 1091 410 1172 ἄστεος
424 1097 501 1173 τοῦς
518 1097 669 1180 καρποῦς,
693 1102 744 1162 ιὐα
758 1097 802 1182 μή
828 1096 1093 1216 διαρπάγέκτες(
1072 1094 1137 1159 υπὸ
1162 1100 1239 1161 τῶν
1264 1094 1358 1160 ἔνθου

227 1200 407 1286 χλιατηυοῦο
428 1223 481 1262 και
503 1202 772 1281 συγκομισθέυτες
791 1197 907 1263 σπάνιν
929 1221 1123 1278 παρασχιοσι
1143 1199 1195 1282 τῷ
1219 1198 1359 1280 στρατῶ

226 1293 386 1380 μεταθεμέ
388 1321 442 1362 νου
463 1321 518 1362 του
507 1299 733 1378 succisus
718 1308 820 1364 οκεῖσο
841 1322 894 1362 και
891 1297 1148 1380 χροιίζουτος’
1134 1321 1193 1360 snt
1187 1297 1356 1376 πολιορ-
1339 1325 1389 1376 -ρη

228 1406 280 1488 κεἠι
301 1403 359 1464 τοῦ
381 1391 511 1480 αστεος,
535 1423 587 1463 και
611 1402 744 1475 διπλοῦς
765 1397 888 1473 τούτοις
908 1398 925 1460 6
948 1395 1084 1477 πόλεμος
1106 1405 1297 1480 περιρρεῖ,
1322 1396 1353 1459 ri

226 1500 285 1578 μὲν
307 1499 342 1562 ιἰι
355 1502 418 1562 τῶν
439 1500 587 1562 ἐναυτίων
606 1496 640 1562 τὸ
663 1501 697 1564 δὲ
718 1495 786 1562 ἀπὸ.
803 1500 865 1578 τοῦ
881 1500 991 1578 λιμοῦ.
1034 1498 1128 1561 τοῦτο
1148 1495 1216 1581 γάρ
1243 1495 1265 1558 ὅ
1291 1501 1354 1578 βα-

227 1595 335 1671 σιλεῦς
355 1596 569 1681 διασιωπήσας
599 1596 652 1662 τὸυ
672 1594 807 1684 στρατὸν
838 1595 1035 1681 διεχώρισεν,
1053 1595 1197 1675 ἐλπίζων
1220 1597 1355 1677 ταχέας

228 1696 263 1762 τό
289 1699 521 1780 Μαυτζικιέρτ,
547 1692 623 1781 ὅπερ
648 1703 703 1763 καί
725 1701 842 1782 γε’γουε,
863 1698 1145 1782 παραστήσασθαι,
1169 1700 1213 1762 δι’
1237 1697 1351 1779 ὀλίγου

229 1800 264 1862 δὲ
284 1801 480 1880 καταστῆσαι
512 1795 551 1861 τοὶ
572 1795 620 1862 ἐπ’
644 1801 741 1888 αὐτῷ,
764 1799 821 1864 καί
839 1793 941 1873 οὕτως
972 1806 1039 1872 τοῖς
1069 1799 1185 1873 οἰκείας
1211 1804 1386 1873 naisso-15

187 1949 189 1958 ,
230 1899 369 1982 σιήσαι,
393 1897 480 1962 εἶδέ
503 1899 782 1982 τιςκαίτιόλεμος
812 1899 921 1982 αὐτοῖς
945 1897 979 1978 ἐξ
998 1894 1185 1982 α’τιροόπτσυ
1207 1923 1350 1964 συνεπι-

229 2002 297 2086 στή,
320 1996 372 2062 δια
394 1998 608 2083 ταχυδρόμοιυ
629 1999 910 2080 μετακαλέσασθαι
941 1996 1017 2073 τοῦς
1039 1997 1187 2075 οἷκειόυς,
1210 1997 1350 2083 μεγάλη

231 2097 421 2180 διαστήματι
442 2095 486 2184 μή
504 2102 692 2182 οἴπέχοοτας.
738 2087 1028 2183 α’πεκομιζετογοὶρ
1052 2100 1140 2186 ου’τῷ
1163 2100 1258 2182 παρὰ
1286 2101 1347 2163 τοῦτ
1406 2096 1408 2137 t

231 2221 355 2262 σκοπαν
386 2198 466 2283 πρός
495 2200 551 2285 τήν
575 2204 728 2281 Περσιῦα
756 2200 813 2266 τὸυ
834 2197 1007 2265 σουλτοὶυου
1041 2199 1244 2282 ἐπείγεσθαι.
1295 2223 1348 2262 και

231 2297 312 2363 κατὰ
334 2303 445 2364 τοῦτον
465 2298 519 2365 τὸν
540 2302 671 2386 λόγου
653 2330 670 2387 η
689 2303 848 2387 διαίρεσις
871 2295 959 2389 αῦτιῦ
979 2303 1037 2366 τοῦ
1050 2303 1191 2384 στρατοῦ
1206 2325 1268 2364 και
1290 2297 1408 2375 οῦκηρ

231 2395 342 2519 ἄλογος
364 2406 481 2485 γέγονε,
503 2406 560 2483 καί
577 2427 650 2487 γε
632 2429 670 2468 τι
691 2406 750 2467 ουίι
780 2401 841 2468 ἀπὸ
858 2404 1018 2486 λογισμοῦ
1047 2404 1266 2485 στρατηγικοῦ
1293 2403 1347 2465 ἐκ·
1406 2421 1407 2424 ’

231 2502 345 2585 νόημα,
366 2504 397 2566 εἰ
414 2502 459 2586 μή
483 2508 671 2588 πεπρωμένη
696 2527 752 2585 τις,
772 2508 894 2584 μᾶλλον
917 2506 952 2567 δὲ
969 2509 1056 2578 θεῖος
1077 2498 1212 2585 λόγος’
1190 2500 1345 2587 απόρρη-
1406 2491 1408 2554 1

232 2624 301 2683 τος,
326 2598 382 2686 τήν
405 2600 535 2685 ἔκβασιν
557 2606 602 2679 εἰς
623 2604 658 2669 τὸ
682 2608 825 2693 ἐναντίου
840 2602 999 2689 ἐπέστησε,
1020 2607 1075 2668 καί
1092 2600 1169 2687 πρὸς
1190 2603 1237 2691 τῷ
1260 2606 1345 2667 τέλει

306 2771 347 2821 11
366 2770 521 2898 περιρρέηλ
628 2774 671 2827 22
691 2774 775 2843 λόχος
793 2772 809 2838 ἢ
828 2773 962 2894 λόγοςῦ
1081 2774 1125 2827 23
1145 2769 1345 2845 περιέστησελ

235 2918 334 2971 bellica
355 2904 513 2984 certamina,
546 2928 573 2971 et
592 2920 782 2989 quodammodo
808 2890 915 2990 pugnae
941 2921 1092 2973 certaminis
1118 2919 1196 2971 obliti
1217 2926 1247 2969 et
1268 2935 1343 2970 conr-

234 2990 338 3059 plexus

333 3062 423 3129 Atque
444 3062 634 3117 Tracbaniotes
656 3064 763 3131 quidem
784 3063 924 3129 delectos,
949 3071 978 3115 ut
1003 3072 1081 3114 antea
1101 3064 1199 3114 dictum
1219 3070 1272 3126 est,
1293 3079 1344 3113 ae-

236 3134 347 3201 cipiens‚
369 3142 394 3185 et
413 3136 623 3218 indenroiectus
644 3138 713 3187 viam
733 3134 869 3188 adcubat
889 3136 1017 3186 ferentem
1037 3136 1132 3217 tenuit,
1152 3132 1257 3184 auxilio
1270 3149 1342 3185 ven-

236 3216 310 3257 turus
330 3214 409 3256 antea
428 3207 515 3257 missis
535 3208 642 3273 Scythis
663 3216 690 3258 et
708 3206 835 3258 Francis.
848 3208 1010 3274 (nuntiatum
1031 3208 1099 3255 enim
1120 3213 1177 3256 erat
1198 3221 1258 3255 eum
1269 3187 1341 3255 rnul-

235 3277 347 3328 titudine
363 3277 549 3328 innumerabili
562 3278 678 3331 hostes
672 3280 704 3329 ris
725 3279 831 3330 obviam
848 3278 903 3345 ire)
925 3285 952 3327 et
964 3275 1042 3328 simul
1061 3284 1270 3328 conservaturus
1291 3292 1341 3327 ex-

235 3358 276 3399 tra
294 3348 386 3398 urbem
407 3348 507 3413 fruges,
527 3364 578 3399 nec
590 3349 709 3415 direptae
731 3350 763 3401 ab
782 3350 852 3400 intus
870 3347 1040 3400 versantibus
1053 3346 1202 3400 Chliutenis
1225 3355 1252 3397 et
1272 3361 1340 3397 con-

236 3426 329 3487 gestae
348 3418 465 3484 inopiam
487 3415 633 3469 excitarent
648 3422 787 3471 exercitui.
825 3428 993 3487 transgresso
1012 3434 1079 3485 rege
1098 3418 1165 3469 illuc
1186 3426 1214 3468 et
1233 3427 1340 3470 versato

235 3491 268 3543 ud
287 3487 489 3556 oppugnandam
509 3487 599 3538 urbem
619 3488 664 3539 vel
686 3490 785 3557 duplex
805 3490 846 3542 bis
864 3489 965 3541 bellum
983 3490 1108 3552 adduxit,
1138 3497 1166 3540 et
1193 3505 1228 3542 ex
1253 3490 1339 3540 bosti

183 3560 192 3573 ¹
236 3563 284 3613 bus
306 3568 383 3610 etex
404 3560 481 3609 fame.
520 3558 571 3609 hoe
592 3560 728 3611 enimrex
750 3562 858 3614 studens
885 3560 1030 3613 ‘exercitum
1057 3562 1164 3623 divisit,
1196 3577 1257 3611 cunr
1277 3577 1339 3627 spe·

237 3640 308 3683 roret
328 3630 386 3679 fore
405 3637 439 3679 ut
453 3628 579 3679 celeriter
604 3632 819 3684 Mantuikiertum
844 3633 1006 3695 subiiceret‚
1033 3632 1058 3682 id
1084 3633 1155 3699 quod
1182 3648 1281 3684 revera
1300 3639 1340 3680 est

238 3705 345 3765 iactum,
365 3700 442 3751 brevi
464 3707 550 3750 autem
571 3712 744 3769 componeret
755 3720 812 3754 eius
832 3719 875 3756 res
897 3712 923 3755 et
943 3702 995 3755 hoc
1009 3701 1086 3753 modo
1106 3703 1212 3754 domum
1230 3704 1338 3763 rediret,

238 3776 355 3824 sinvero
376 3772 454 3821 etiarn
473 3769 599 3822 bellum
592 3776 657 3845 ipsis
678 3791 709 3825 ex
729 3776 876 3841 improviso
896 3778 1016 3837 instaret,
1036 3782 1065 3823 nt
1084 3789 1131 3839 per
1150 3773 1258 3824 celeres
1270 3787 1337 3823 nun.

238 3846 291 3893 ties
310 3842 442 3891 adaoeare
461 3852 551 3908 posset
570 3861 632 3895 suos
651 3847 695 3913 qui
716 3847 786 3896 baud
803 3862 899 3915 magno
919 3812 1044 3897 abesse’nt
1062 3847 1158 3910 spatio
1196 3843 1337 3895 nuntiaba-

239 3923 281 3965 tur
301 3914 371 3963 enim
391 3913 415 3962 ei
435 3929 450 3965 a
469 3915 631 3981 custodibus,
652 3918 683 3967 ad
701 3916 837 3968 Persidem
856 3917 990 3970 sultanum
1012 3916 1192 3967 contendere:
1211 3924 1289 3981 atque
1305 3930 1336 3963 ex

239 3986 288 4034 bac
308 3984 411 4035 ratione
431 3985 528 4037 divisio
549 3989 681 4040 exercitus
701 3989 734 4039 ab
757 4003 800 4053 eo,
819 4006 871 4040 noe
890 3991 948 4039 sine
969 4004 1048 4038 causa
1068 3987 1137 4037 iacta
1157 3996 1225 4048 erat,
1252 4000 1335 4050 neque

240 4063 297 4107 erat
316 4055 437 4123 proiecto
458 4057 603 4110 abhorrens
624 4059 657 4110 ab
676 4068 733 4112 arte
752 4062 924 4128 imperatoria
943 4059 1084 4113 eonsilium
1103 4059 1156 4109 nisi
1176 4070 1236 4109 sors
1255 4072 1334 4124 quoe-

241 4128 298 4181 dsur
316 4128 374 4180 sive
393 4129 480 4196 potius
499 4129 607 4183 divinae
634 4132 746 4186 insidiae
775 4131 819 4185 vei
851 4134 917 4193 ratio
943 4139 1047 4184 secreta
1077 4129 1202 4183 eventum
1232 4135 1334 4180 econtra
