2834 4750
356 259 364 275 '
467 244 800 346 ³nrs'1oum·
1141 265 1188 343 νε

71 443 226 521 νομέτου
247 438 392 523 μείζονος
417 442 476 522 μὲν
497 441 559 505 τῶν
579 437 658 520 μετὰ
678 439 780 504 ταῦτα
800 438 950 520 συχνῶν,
970 431 1135 509 ,ε’λόττονος
1156 433 1191 498 δὲ

72 544 142 607 τοῦ
166 539 280 626 προόην
304 545 473 626 μεγίστου,
506 543 642 608 πέπονθε
665 538 921 622 nemestrinus&
945 540 1104 603 Βιθυνίαν
1126 536 1192 599 Νέ-

70 666 163 706 κοιιοι
200 645 256 707 καί
290 643 515 728 πανωλεθρίαι
541 642 659 724 μικροῦ
684 642 751 720 δεῖν
775 640 830 702 καὶ
849 634 1074 722 καταστροφήν
1108 646 1311 703 παν-λῑὸὅε.
1380 710 1382 715 ,

69 745 173 826 τελῆ.
219 738 250 806 οἱ
281 739 342 824 χόρ
366 741 586 826 ἐπισημότατοι
613 737 726 823 ταότης
757 741 831 803 root*
856 735 911 804 κατ’
937 738 1103 818 μέγιστοι,
1123 728 1143 798 ό
1165 737 1191 800 τ’

39 847 127 912 δόντ’
155 839 294 924 ὀνόματι
330 843 387 924 τῆς
418 843 479 906 τοό
514 843 592 906 θεοῦ
620 838 712 924 λόγου
739 837 857 924 σοφίας
884 839 1120 920 καθιδρυμένος
1139 836 1195 900 κατ’

38 953 47 959 ’
69 944 329 1028 καθιερωμένος
351 943 389 1029 τῇ
418 943 610 1027 μητροπόλει
631 943 686 1006 κατ’
713 937 814 1005 ότοόν
844 937 943 1021 ἀχέων
965 940 1119 1020 πατέρων,
1141 932 1194 1000 όν.

70 1051 202 1129 -θαπερ
239 1043 260 1127 ηι
279 1041 359 1108 κατό
381 1044 439 1108 τοό
458 1043 584 1126 Ἀρειόυ
606 1038 738 1117 σόνοδος
765 1047 829 1115 τοῖς
847 1035 1038 1113 όοιοιτότοις
1059 1038 1115 1101 καί
1134 1034 1194 1119 dp.

72 1141 241 1226 θοδόξυις
261 1140 443 1229 έβεβιιιιόθη
468 1142 628 1228 πατράσι,
649 1140 705 1206 καί
731 1137 765 1207 τό
790 1135 970 1224 όρθότομον
993 1138 1194 1223 ἐπαρρησιά-

72 1249 149 1330 σθη
177 1243 234 1310 ιιαιι
255 1249 504 1330 τηλαυγέστερον
521 1245 814 1330 ἥλιον-διέλαμψε,
834 1240 1110 1325 συνταραχθέντες
1131 1263 1192 1302 κει-

26 1358 64 1412 10
76 1348 359 1432 :propterquam
390 1348 444 1409 κατ’
465 1343 504 1410 τό
525 1345 616 1430 τείχη
638 1347 694 1429 τῆς
713 1341 828 1425 ὁμοίοις
848 1337 947 1426 τόχης
965 1336 1026 1405 σόν
1049 1346 1112 1430 τοζς
1133 1363 1194 1403 πο-
1281 1382 1289 1397 ,

73 1451 223 1521 λιτικοῖς
247 1443 397 1531 οἰκήμασι
425 1441 650 1530 μετεσχήκασι.
695 1446 750 1508 καί
775 1442 830 1507 ἄπ’
859 1443 978 1526 ε’κεέιιης
997 1444 1052 1524 τῆς
1071 1439 1194 1525 ἡμέρας

74 1547 120 1610 τοὶ
147 1547 210 1610 τοῦ
238 1545 356 1628 τρόμον
389 1551 563 1631 κατέληξεν.
608 1539 711 1612 Ἦσαν
745 1547 780 1610 δέ
809 1547 912 1610 ταῦτα
942 1545 999 1608 καί
1027 1538 1193 1622 εἴσπραξις

31 1649 36 1660 ’
77 1641 334 1732 ἁμαρτημάτων
361 1652 417 1718 κατ’.
433 1647 527 1732 χόλος
552 1653 638 1725 θεῖος
667 1649 699 1726 ἐξ
723 1641 871 1723 ἅπαντας,
892 1643 1056 1733 ιηνέττοντο
1081 1644 1127 1724 δέ,
1147 1639 1192 1716 οἷς

78 1744 185 1828 ἔοικε,
207 1752 264 1814 κατ’
282 1745 339 1834 την
359 1749 418 1816 τοῦ
447 1753 615 1835 εἰρημένου
645 1745 760 1824 ἔθνους
791 1744 994 1833 όπιφοέτησιν
1013 1747 1070 1808 καί
1093 1737 1193 1808 κατιό-

31 1854 67 1908 15
78 1856 200 1914 λυσιν·
244 1852 278 1914 ἐν
295 1848 355 1935 μόρ
371 1859 448 1928 ’ταῖς
469 1853 658 1937 θεοσημιάις
687 1851 766 1934 πρός
789 1855 854 1923 τοϊς
876 1849 1052 1933 εἰρημένοις
1085 1842 1145 1908 κατ’
1159 1867 1191 1908 τι

78 1953 206 2031 μέλλον
222 1952 399 2036 ἐπισκῆψαι
419 1953 687 2038 προτεθεοόρηται.

194 2061 307 2126 Μαΐου
322 2064 357 2126 δέ
370 2060 471 2147 μηνός
483 2066 538 2146 τῆς
558 2060 585 2127 δ’
607 2064 802 2138 ι’νέικτιοόνος
819 2057 1071 2130 ἐνόιιππεύόντος
1090 2053 1192 2143 όφόνη
1234 2113 1240 2125 1
1286 2136 1293 2140 ν

82 2158 229 2246 κομήτης
250 2161 362 2245 ἀστήρ,
385 2162 517 2229 κατόπιν
536 2165 595 2226 τοῦ
618 2165 708 2245 ἡλίου
733 2158 863 2240 δόντος,
882 2155 919 2220 τό
940 2161 1075 2240 μέγεθος
1097 2159 1193 2244 σέλη-

80 2268 179 2324 votos
195 2263 312 2348 φέρων,
333 2254 409 2325 όταν
424 2259 445 2344 η’
454 2259 574 2346 ’σελήνη
590 2261 774 2348 πλησιφαὴς
787 2262 927 2344 γένηται.
948 2260 1005 2320 καί
1024 2255 1112 2345 όηόκει
1134 2259 1194 2337 μέν

35 2363 261 2445 λθτηνικαῦτα
292 2355 408 2427 καπνόν
437 2385 506 2427 τινα
544 2364 598 2427 κατ’
632 2360 768 2447 όμόχλην
802 2363 997 2441 έκπέμπειν,
1030 2355 1063 2423 όν
1089 2358 1125 2421 δὲ
1154 2359 1195 2444 τῇ
1295 2432 1297 2436 ¹

83 2458 225 2547 έπιοόση
249 2452 367 2546 ἤρξατο
389 2462 635 2547 παραδεικνόειν
660 2461 865 2548 ’βοστρύχους
897 2457 1003 2536 τινός·
1046 2460 1100 2524 κατ’
1119 2453 1194 2522 ὅσον

84 2550 182 2626 οὗτοι
202 2562 482 2649 τιροεπετόννυντο,
500 2565 646 2629 τοσοῦτον
668 2586 701 2629 το
726 2567 861 2649 μέγεθος
879 2568 935 2628 τοῦ
953 2563 1089 2647 ιέστέρος
1112 2557 1193 2624 dui-

84 2668 193 2749 ληχεν.
237 2665 381 2731 υλπέτεινο
404 2666 440 2732 tt
460 2663 518 2743 τὰς
542 2662 669 2742 όκτϊνος
689 2667 733 2744 ὥς
754 2662 832 2754 πρός
861 2661 956 2749 isias,
975 2662 1032 2731 καὶ
1051 2661 1095 2744 ιός
1114 2658 1195 2749 πρός

248 2978 251 2987 ι
955 2970 965 2992 ⁸

87 3014 184 3079 priore
209 3014 342 3079 maximo,
372 3029 460 3067 casum
488 3030 565 3082 passa
582 3024 623 3069 est
639 3015 783 3081 Bithyniae
807 3014 870 3069 urbs
888 3012 988 3067 Nicaea
1016 3019 1044 3069 et
1061 3013 1195 3070 interitum
1223 3064 1227 3076 ,

88 3100 180 3151 paene
206 3092 232 3135 et
258 3087 426 3142 eversionem
453 3087 610 3141 absolutam.
648 3086 829 3144 illustrissima
858 3087 927 3136 enim
952 3084 1032 3135 huius
1051 3083 1150 3149 templa
1170 3092 1197 3134 et

88 3158 207 3209 maxima
233 3163 258 3208 et
284 3156 325 3220 id,
351 3157 422 3226 quod
440 3159 489 3211 sub
509 3160 616 3211 nomine
636 3159 784 3225 sapientiae
803 3156 913 3209 divinae
930 3155 1043 3206 rationis
1061 3154 1196 3205 eonditum

91 3233 133 3277 est
155 3236 183 3277 et
200 3235 331 3285 sacratum
349 3228 409 3281 urbi
428 3230 553 3298 capitali,
575 3238 601 3281 et
618 3229 747 3296 templum
764 3235 915 3281 sanctorum
927 3234 1048 3293 patrum,
1063 3224 1108 3276 ubi
1128 3238 1196 3275 oon.

92 3297 185 3349 silium
206 3306 298 3352 eontra
316 3301 409 3355 Arium
428 3316 443 3351 a
463 3302 588 3368 piissimis
609 3309 636 3351 et
646 3300 801 3353 orthodoxia
820 3298 1002 3352 confirmatum
1019 3304 1060 3347 est
1078 3295 1197 3363 putribus

93 3378 120 3420 et
142 3385 209 3423 vera
228 3371 292 3425 tides
311 3370 397 3424 libere
417 3371 564 3424 deliberata
584 3380 625 3423 est
645 3380 671 3423 et
698 3371 797 3426 clarius
821 3370 880 3423 sole
905 3368 1054 3437 splenduit,
1085 3374 1197 3418 contur-

91 3440 158 3493 bata
183 3441 286 3495 deiecta
312 3450 374 3495 sunt
400 3450 426 3493 et
449 3444 555 3495 moenia
575 3444 692 3497 eiusdem
713 3443 836 3496 fortunae
855 3457 914 3493 oum
932 3440 1049 3492 civitatis
1067 3437 1197 3489 aedificiis

93 3512 239 3578 participia
264 3513 373 3565 fuerunt
398 3521 424 3563 et
448 3515 509 3565 inde
536 3514 568 3565 ab
593 3514 642 3565 illo
670 3514 714 3566 die
741 3514 863 3566 tremitus
889 3513 977 3565 desiit.
993 3519 999 3526 ¹
1016 3516 1092 3561 erant
1109 3516 1197 3559 autem

93 3581 163 3634 haee
183 3590 209 3633 et
229 3586 333 3637 exactio
353 3591 523 3653 peccatorum
545 3593 570 3636 et
589 3586 629 3636 ira
650 3586 741 3639 divina
760 3586 882 3638 omnino:
903 3591 930 3635 et
943 3579 1149 3650 significabant,
1169 3586 1198 3629 ut

94 3662 216 3721 apparet,
238 3664 263 3705 et
281 3654 376 3724 populi
397 3657 594 3707 commemorati
613 3652 755 3711 adventum
771 3664 797 3707 et
815 3655 1023 3720 dissipationem.
1061 3651 1088 3699 in
1099 3650 1197 3701 divinis

95 3726 165 3775 enim
191 3725 274 3793 signis
301 3734 409 3793 praeter
439 3736 641 3780 commemorata
666 3730 746 3780 etiam
779 3727 895 3778 futurum
924 3722 1026 3790 aliquid
1057 3737 1197 3788 erumpere

93 3802 172 3847 antea
191 3796 385 3856 consideratum
413 3805 462 3849 est.

194 3895 264 3947 Maio
283 3902 371 3947 autem
382 3910 481 3947 meuse
501 3895 673 3947 indictionem
692 3894 728 3946 1v
747 3893 935 3961 perequitante
953 3892 1076 3957 apparuit
1095 3897 1198 3941 cometa

94 3972 155 4027 post
174 3964 258 4017 solem
277 3968 443 4019 occidentem
461 3966 668 4033 magnitudinem
688 3965 769 4016 lunae
788 3963 899 4027 habens,
918 3962 1023 4031 quando
1042 3961 1198 4026 iuaapleno

95 4032 194 4086 lumine
221 4045 278 4100 est,
308 4045 334 4088 et
361 4036 501 4090 videbatur
527 4044 581 4086 tum
606 4036 703 4087 fumum
730 4035 858 4102 quendam
878 4042 905 4085 et
922 4033 1047 4087 nebulam
1066 4033 1197 4093 emittere,

95 4115 205 4169 postero
225 4114 312 4161 sutem
332 4108 375 4161 die
396 4109 486 4175 eoepit
510 4108 652 4161 ostendere
672 4108 785 4159 crinium
805 4106 900 4159 caudas
919 4106 1054 4175 quasdam,
1067 4111 1094 4155 et
1111 4105 1199 4170 ηυοτι-

95 4182 149 4231 tum
169 4178 220 4232 hae
240 4181 462 4245 extendebantur,
482 4187 582 4237 tantum
598 4180 751 4249 magnitudo
766 4178 865 4234 stellae
877 4178 1032 4233 deficiebatz
1044 4172 1199 4249 porrigebat
