<?xml version="1.0" encoding="UTF-8"?>
<!DOCTYPE html PUBLIC "-//W3C//DTD XHTML 1.0 Transitional//EN"
    "http://www.w3.org/TR/xhtml1/DTD/xhtml1-transitional.dtd">
<html xmlns="http://www.w3.org/1999/xhtml" xml:lang="en" lang="en">
 <head>
  <title>
</title>
<meta http-equiv="Content-Type" content="text/html;charset=utf-8" />
  <meta name='ocr-system' content='tesseract 3.04.00' />
  <meta name='ocr-capabilities' content='ocr_page ocr_carea ocr_par ocr_line ocrx_word'/>
</head>
<body>
  <div class='ocr_page' id='page_1' title='image "./corpusscriptoru24theogoog/corpusscriptoru24theogoog_0057.png"; bbox 0 0 2834 4750; ppageno 0'>
   <div class='ocr_carea' id='block_1_1' title="bbox 525 244 1169 338">
    <p class='ocr_par' dir='ltr' id='par_1_1' title="bbox 525 244 1169 338">
     <span class='ocr_line' id='line_1_1' title="bbox 525 244 1169 338; baseline 0.005 -4"><span class='ocrx_word' id='word_1_1' title='bbox 525 268 733 338; x_wconf 80' lang='lat' dir='ltr'><strong>maroam.</strong></span> <span class='ocrx_word' id='word_1_2' title='bbox 916 244 940 332; x_wconf 70' lang='grc' dir='ltr'>ζ</span> <span class='ocrx_word' id='word_1_3' title='bbox 1120 267 1169 337; x_wconf 84' lang='grc' dir='ltr'><strong><em>ει</em></strong></span> 
     </span>
    </p>
   </div>
   <div class='ocr_carea' id='block_1_2' title="bbox 10 423 1276 2330">
    <p class='ocr_par' dir='ltr' id='par_1_2' title="bbox 10 423 1276 2330">
     <span class='ocr_line' id='line_1_2' title="bbox 56 423 1172 520; baseline 0.009 -30"><span class='ocrx_word' id='word_1_4' title='bbox 56 447 141 518; x_wconf 35' lang='grc' dir='ltr'><strong><em>νος,</em></strong></span> <span class='ocrx_word' id='word_1_5' title='bbox 172 426 359 511; x_wconf 77' lang='grc' dir='ltr'><strong><em>συναγαγών</em></strong></span> <span class='ocrx_word' id='word_1_6' title='bbox 380 423 437 494; x_wconf 76' lang='grc' dir='ltr'><strong><em>οὖν</em></strong></span> <span class='ocrx_word' id='word_1_7' title='bbox 455 425 541 494; x_wconf 79' lang='grc' dir='ltr'><strong><em>όπαν</em></strong></span> <span class='ocrx_word' id='word_1_8' title='bbox 562 429 596 495; x_wconf 90' lang='grc' dir='ltr'><strong><em>τό</em></strong></span> <span class='ocrx_word' id='word_1_9' title='bbox 621 432 848 516; x_wconf 84' lang='grc' dir='ltr'><strong><em>στρατιωτικόν</em></strong></span> <span class='ocrx_word' id='word_1_10' title='bbox 871 424 1054 519; x_wconf 75' lang='grc' dir='ltr'><strong><em>όδηλωθείς</em></strong></span> <span class='ocrx_word' id='word_1_11' title='bbox 1068 458 1172 520; x_wconf 87' lang='grc' dir='ltr'><strong><em>στρα-</em></strong></span> 
     </span>
     <span class='ocr_line' id='line_1_3' title="bbox 56 525 1173 619; baseline 0.008 -29"><span class='ocrx_word' id='word_1_12' title='bbox 56 526 178 610; x_wconf 88' lang='grc' dir='ltr'><strong><em>τηγός,</em></strong></span> <span class='ocrx_word' id='word_1_13' title='bbox 196 529 264 591; x_wconf 84' lang='grc' dir='ltr'><strong><em>,τοόν</em></strong></span> <span class='ocrx_word' id='word_1_14' title='bbox 287 533 426 613; x_wconf 85' lang='grc' dir='ltr'><strong><em>σημείων</em></strong></span> <span class='ocrx_word' id='word_1_15' title='bbox 450 529 613 614; x_wconf 74' lang='grc' dir='ltr'><strong><em>α’ρδόντων</em></strong></span> <span class='ocrx_word' id='word_1_16' title='bbox 633 540 738 616; x_wconf 78' lang='grc' dir='ltr'><strong><em>χωρεῖ</em></strong></span> <span class='ocrx_word' id='word_1_17' title='bbox 763 531 839 614; x_wconf 87' lang='grc' dir='ltr'><strong><em>πρός</em></strong></span> <span class='ocrx_word' id='word_1_18' title='bbox 858 533 916 619; x_wconf 80' lang='grc' dir='ltr'><strong><em>την</em></strong></span> <span class='ocrx_word' id='word_1_19' title='bbox 936 525 1070 614; x_wconf 72' lang='grc' dir='ltr'><strong><em>ἄμυναν.</em></strong></span> <span class='ocrx_word' id='word_1_20' title='bbox 1117 535 1173 599; x_wconf 82' lang='grc' dir='ltr'><strong><em>καὶ</em></strong></span> 
     </span>
     <span class='ocr_line' id='line_1_4' title="bbox 55 625 1170 722; baseline 0.009 -31"><span class='ocrx_word' id='word_1_21' title='bbox 55 625 248 711; x_wconf 73' lang='grc' dir='ltr'><strong><em>περιτυχών</em></strong></span> <span class='ocrx_word' id='word_1_22' title='bbox 273 633 671 715; x_wconf 80' lang='grc' dir='ltr'><strong><em>ιιαιεατρατοπεδευμίνοις</em></strong></span> <span class='ocrx_word' id='word_1_23' title='bbox 700 635 810 709; x_wconf 83' lang='grc' dir='ltr'><strong><em>αότοῖς</em></strong></span> <span class='ocrx_word' id='word_1_24' title='bbox 832 632 934 722; x_wconf 63' lang='grc' dir='ltr'><strong><em>ζμόχη</em></strong></span> <span class='ocrx_word' id='word_1_25' title='bbox 964 635 1020 700; x_wconf 86' lang='grc' dir='ltr'>καί</span> <span class='ocrx_word' id='word_1_26' title='bbox 1047 637 1170 701; x_wconf 75' lang='grc' dir='ltr'><strong><em>τούτων</em></strong></span> 
     </span>
     <span class='ocr_line' id='line_1_5' title="bbox 56 725 1170 815; baseline 0.007 -23"><span class='ocrx_word' id='word_1_27' title='bbox 56 725 230 812; x_wconf 75' lang='grc' dir='ltr'><strong><em>ἐκρότησε,</em></strong></span> <span class='ocrx_word' id='word_1_28' title='bbox 252 729 307 793; x_wconf 83' lang='grc' dir='ltr'><strong><em>καί</em></strong></span> <span class='ocrx_word' id='word_1_29' title='bbox 326 726 383 794; x_wconf 88' lang='grc' dir='ltr'><strong><em>τόν</em></strong></span> <span class='ocrx_word' id='word_1_30' title='bbox 406 725 517 812; x_wconf 79' lang='grc' dir='ltr'><strong><em>ὅμοιον</em></strong></span> <span class='ocrx_word' id='word_1_31' title='bbox 540 729 652 815; x_wconf 77' lang='grc' dir='ltr'><em>τρόπον</em></span> <span class='ocrx_word' id='word_1_32' title='bbox 680 731 798 811; x_wconf 82' lang='grc' dir='ltr'><strong><em>αδτοός</em></strong></span> <span class='ocrx_word' id='word_1_33' title='bbox 818 736 943 810; x_wconf 74' lang='grc' dir='ltr'><strong><em>διαθείς</em></strong></span> <span class='ocrx_word' id='word_1_34' title='bbox 963 733 1037 810; x_wconf 86' lang='grc' dir='ltr'><strong><em>τοός</em></strong></span> <span class='ocrx_word' id='word_1_35' title='bbox 1057 759 1091 802; x_wconf 88' lang='grc' dir='ltr'><strong><em>τε</em></strong></span> <span class='ocrx_word' id='word_1_36' title='bbox 1110 757 1170 810; x_wconf 47' lang='grc' dir='ltr'><strong><em>περ</em></strong></span> 
     </span>
     <span class='ocr_line' id='line_1_6' title="bbox 26 825 1170 921; baseline 0.01 -33"><span class='ocrx_word' id='word_1_37' title='bbox 26 825 182 903; x_wconf 88' lang='grc' dir='ltr'><strong><em>5σόντας</em></strong></span> <span class='ocrx_word' id='word_1_38' title='bbox 205 828 376 896; x_wconf 84' lang='grc' dir='ltr'><strong><em>ε’σκόλεοσε</em></strong></span> <span class='ocrx_word' id='word_1_39' title='bbox 399 831 453 896; x_wconf 81' lang='grc' dir='ltr'><strong><em>καί</em></strong></span> <span class='ocrx_word' id='word_1_40' title='bbox 470 835 538 913; x_wconf 88' lang='grc' dir='ltr'><strong><em>μετ’</em></strong></span> <span class='ocrx_word' id='word_1_41' title='bbox 561 833 721 898; x_wconf 76' lang='grc' dir='ltr'><strong><em>ἐπινικίων</em></strong></span> <span class='ocrx_word' id='word_1_42' title='bbox 749 836 794 910; x_wconf 89' lang='grc' dir='ltr'><strong><em>είς</em></strong></span> <span class='ocrx_word' id='word_1_43' title='bbox 815 833 872 918; x_wconf 78' lang='grc' dir='ltr'><strong><em>την</em></strong></span> <span class='ocrx_word' id='word_1_44' title='bbox 893 841 1054 921; x_wconf 78' lang='grc' dir='ltr'><strong><em>σφετέραν</em></strong></span> <span class='ocrx_word' id='word_1_45' title='bbox 1073 838 1170 919; x_wconf 78' lang='grc' dir='ltr'><strong><em>ε’γιια-</em></strong></span> 
     </span>
     <span class='ocr_line' id='line_1_7' title="bbox 53 921 1171 1020; baseline 0.004 -26"><span class='ocrx_word' id='word_1_46' title='bbox 53 921 254 1012; x_wconf 69' lang='grc' dir='ltr'><strong><em>τεσηκωσι.’</em></strong></span> <span class='ocrx_word' id='word_1_47' title='bbox 286 937 411 1007; x_wconf 76' lang='grc' dir='ltr'><strong><em>πολλοῖς</em></strong></span> <span class='ocrx_word' id='word_1_48' title='bbox 433 933 467 996; x_wconf 82' lang='grc' dir='ltr'><strong><em>δὲ</em></strong></span> <span class='ocrx_word' id='word_1_49' title='bbox 490 927 644 1008; x_wconf 79' lang='grc' dir='ltr'><strong><em>τοιούτοις</em></strong></span> <span class='ocrx_word' id='word_1_50' title='bbox 665 928 865 1016; x_wconf 81' lang='grc' dir='ltr'><strong><em>α’γωνίσμασι</em></strong></span> <span class='ocrx_word' id='word_1_51' title='bbox 889 934 975 1010; x_wconf 80' lang='grc' dir='ltr'><strong><em>ε’ντός</em></strong></span> <span class='ocrx_word' id='word_1_52' title='bbox 1001 939 1055 1020; x_wconf 78' lang='grc' dir='ltr'><strong><em>τῆς</em></strong></span> <span class='ocrx_word' id='word_1_53' title='bbox 1073 938 1171 1018; x_wconf 69' lang='lat' dir='ltr'><strong>otiq-</strong></span> 
     </span>
     <span class='ocr_line' id='line_1_8' title="bbox 54 1024 1170 1121; baseline 0.01 -32"><span class='ocrx_word' id='word_1_54' title='bbox 54 1028 124 1111; x_wconf 78' lang='grc' dir='ltr'><strong><em>ρᾶς</em></strong></span> <span class='ocrx_word' id='word_1_55' title='bbox 147 1024 321 1112; x_wconf 69' lang='grc' dir='ltr'><strong><em>ὑπέρτερος</em></strong></span> <span class='ocrx_word' id='word_1_56' title='bbox 351 1033 414 1097; x_wconf 84' lang='grc' dir='ltr'><strong><em>τιόν</em></strong></span> <span class='ocrx_word' id='word_1_57' title='bbox 446 1035 594 1098; x_wconf 86' lang='grc' dir='ltr'><strong><em>ε’ναντίων</em></strong></span> <span class='ocrx_word' id='word_1_58' title='bbox 616 1033 839 1117; x_wconf 73' lang='grc' dir='ltr'><strong><em>ἀποδειχθείς,</em></strong></span> <span class='ocrx_word' id='word_1_59' title='bbox 861 1037 969 1101; x_wconf 79' lang='grc' dir='ltr'><strong><em>πᾶσαν</em></strong></span> <span class='ocrx_word' id='word_1_60' title='bbox 990 1037 1048 1121; x_wconf 80' lang='grc' dir='ltr'><strong><em>την</em></strong></span> <span class='ocrx_word' id='word_1_61' title='bbox 1069 1037 1170 1102; x_wconf 79' lang='grc' dir='ltr'><strong><em>ε’κείσι</em></strong></span> 
     </span>
     <span class='ocr_line' id='line_1_9' title="bbox 54 1130 906 1222; baseline 0.011 -30"><span class='ocrx_word' id='word_1_62' title='bbox 54 1132 120 1213; x_wconf 75' lang='grc' dir='ltr'><strong><em>γῆν</em></strong></span> <span class='ocrx_word' id='word_1_63' title='bbox 142 1130 198 1212; x_wconf 72' lang='grc' dir='ltr'><strong><em>τῆς</em></strong></span> <span class='ocrx_word' id='word_1_64' title='bbox 219 1136 417 1217; x_wconf 75' lang='grc' dir='ltr'><strong><em>βαρβαρικῆς</em></strong></span> <span class='ocrx_word' id='word_1_65' title='bbox 440 1136 561 1219; x_wconf 79' lang='grc' dir='ltr'><strong><em>ἐφόδου</em></strong></span> <span class='ocrx_word' id='word_1_66' title='bbox 582 1140 721 1217; x_wconf 78' lang='grc' dir='ltr'><strong><em>βεβαίως</em></strong></span> <span class='ocrx_word' id='word_1_67' title='bbox 741 1135 906 1222; x_wconf 74' lang='grc' dir='ltr'><strong><em>εἰιόδηρεν.</em></strong></span> 
     </span>
     <span class='ocr_line' id='line_1_10' title="bbox 163 1227 1171 1322; baseline 0.011 -28"><span class='ocrx_word' id='word_1_68' title='bbox 163 1232 332 1316; x_wconf 75' lang='grc' dir='ltr'><strong><em>Ἐπαρθεὶς</em></strong></span> <span class='ocrx_word' id='word_1_69' title='bbox 356 1227 414 1300; x_wconf 80' lang='grc' dir='ltr'><strong><em>σόν</em></strong></span> <span class='ocrx_word' id='word_1_70' title='bbox 436 1230 451 1299; x_wconf 91' lang='grc' dir='ltr'><strong><em>ό</em></strong></span> <span class='ocrx_word' id='word_1_71' title='bbox 474 1235 628 1317; x_wconf 83' lang='grc' dir='ltr'><strong><em>βασιλεός</em></strong></span> <span class='ocrx_word' id='word_1_72' title='bbox 659 1245 724 1311; x_wconf 77' lang='grc' dir='ltr'><strong><em>τοῖς</em></strong></span> <span class='ocrx_word' id='word_1_73' title='bbox 744 1239 893 1303; x_wconf 73' lang='grc' dir='ltr'><strong><em>ἐντεῦθεν</em></strong></span> <span class='ocrx_word' id='word_1_74' title='bbox 914 1240 1118 1322; x_wconf 88' lang='grc' dir='ltr'><strong><em>α’γωνίσμασί</em></strong></span> <span class='ocrx_word' id='word_1_75' title='bbox 1137 1264 1171 1305; x_wconf 89' lang='grc' dir='ltr'><strong><em>ιε</em></strong></span> 
     </span>
     <span class='ocr_line' id='line_1_11' title="bbox 10 1332 1276 1425; baseline 0.009 -31"><span class='ocrx_word' id='word_1_76' title='bbox 10 1341 46 1395; x_wconf 83' lang='grc'><strong><em>10</em></strong></span> <span class='ocrx_word' id='word_1_77' title='bbox 57 1336 120 1397; x_wconf 86' lang='grc' dir='ltr'><strong><em>καί</em></strong></span> <span class='ocrx_word' id='word_1_78' title='bbox 141 1332 381 1417; x_wconf 76' lang='grc' dir='ltr'><strong><em>προτερήμασι,</em></strong></span> <span class='ocrx_word' id='word_1_79' title='bbox 405 1335 508 1420; x_wconf 92' lang='grc' dir='ltr'><strong><em>δόγμα</em></strong></span> <span class='ocrx_word' id='word_1_80' title='bbox 537 1334 577 1401; x_wconf 81' lang='grc' dir='ltr'><strong><em>ίει</em></strong></span> <span class='ocrx_word' id='word_1_81' title='bbox 599 1339 798 1425; x_wconf 74' lang='grc' dir='ltr'><strong><em>πανστρατιᾷ</em></strong></span> <span class='ocrx_word' id='word_1_82' title='bbox 820 1342 934 1404; x_wconf 83' lang='grc' dir='ltr'><strong><em>τοῦτον</em></strong></span> <span class='ocrx_word' id='word_1_83' title='bbox 956 1340 1003 1414; x_wconf 76' lang='grc' dir='ltr'><strong><em>εἰς</em></strong></span> <span class='ocrx_word' id='word_1_84' title='bbox 1025 1338 1083 1423; x_wconf 80' lang='grc' dir='ltr'><strong><em>τήν</em></strong></span> <span class='ocrx_word' id='word_1_85' title='bbox 1105 1345 1170 1405; x_wconf 74' lang='grc' dir='ltr'><strong><em>τῶν</em></strong></span> <span class='ocrx_word' id='word_1_86' title='bbox 1272 1339 1276 1344; x_wconf 75' lang='grc'>’</span> 
     </span>
     <span class='ocr_line' id='line_1_12' title="bbox 56 1431 1172 1528; baseline 0.006 -30"><span class='ocrx_word' id='word_1_87' title='bbox 56 1431 217 1498; x_wconf 66' lang='grc' dir='ltr'><strong><em>ἕναντιοον</em></strong></span> <span class='ocrx_word' id='word_1_88' title='bbox 238 1437 390 1516; x_wconf 71' lang='grc' dir='ltr'><strong><em>γενέσθαι</em></strong></span> <span class='ocrx_word' id='word_1_89' title='bbox 404 1436 618 1521; x_wconf 81' lang='grc' dir='ltr'><strong><em>παρεμβολήν,</em></strong></span> <span class='ocrx_word' id='word_1_90' title='bbox 639 1432 734 1524; x_wconf 75' lang='grc' dir='ltr'><strong><em>ἓτὲρρι</em></strong></span> <span class='ocrx_word' id='word_1_91' title='bbox 759 1436 894 1520; x_wconf 76' lang='grc' dir='ltr'><strong><em>δυνάμει</em></strong></span> <span class='ocrx_word' id='word_1_92' title='bbox 913 1433 1047 1528; x_wconf 77' lang='grc' dir='ltr'><strong><em>ἓοόηιτην</em></strong></span> <span class='ocrx_word' id='word_1_93' title='bbox 1067 1465 1172 1523; x_wconf 84' lang='grc' dir='ltr'><strong><em>στρα-</em></strong></span> 
     </span>
     <span class='ocr_line' id='line_1_13' title="bbox 57 1531 1172 1625; baseline 0.007 -27"><span class='ocrx_word' id='word_1_94' title='bbox 57 1531 137 1598; x_wconf 84' lang='grc' dir='ltr'><strong><em>τιόν</em></strong></span> <span class='ocrx_word' id='word_1_95' title='bbox 160 1533 346 1616; x_wconf 84' lang='grc' dir='ltr'><strong><em>ε’ξογιιιόσας.</em></strong></span> <span class='ocrx_word' id='word_1_96' title='bbox 391 1539 552 1620; x_wconf 79' lang='grc' dir='ltr'><strong><em>ἐπιτρέπει</em></strong></span> <span class='ocrx_word' id='word_1_97' title='bbox 584 1541 619 1604; x_wconf 83' lang='grc' dir='ltr'><strong><em>δὲ</em></strong></span> <span class='ocrx_word' id='word_1_98' title='bbox 642 1541 696 1604; x_wconf 88' lang='grc' dir='ltr'><strong><em>καί</em></strong></span> <span class='ocrx_word' id='word_1_99' title='bbox 719 1537 773 1604; x_wconf 88' lang='grc' dir='ltr'><strong><em>τόν</em></strong></span> <span class='ocrx_word' id='word_1_100' title='bbox 806 1539 870 1603; x_wconf 76' lang='grc' dir='ltr'><strong><em>τῶν</em></strong></span> <span class='ocrx_word' id='word_1_101' title='bbox 892 1540 1087 1625; x_wconf 82' lang='grc' dir='ltr'><strong><em>Βονλγόρων</em></strong></span> <span class='ocrx_word' id='word_1_102' title='bbox 1107 1566 1172 1606; x_wconf 68' lang='grc' dir='ltr'><strong><em>σοι·</em></strong></span> 
     </span>
     <span class='ocr_line' id='line_1_14' title="bbox 57 1628 1170 1725; baseline 0.006 -27"><span class='ocrx_word' id='word_1_103' title='bbox 57 1636 191 1719; x_wconf 77' lang='grc' dir='ltr'><strong><em>τράπην</em></strong></span> <span class='ocrx_word' id='word_1_104' title='bbox 212 1628 265 1718; x_wconf 83' lang='grc' dir='ltr'><strong><em>(ἤν</em></strong></span> <span class='ocrx_word' id='word_1_105' title='bbox 285 1639 321 1700; x_wconf 80' lang='grc' dir='ltr'><strong><em>δὲ</em></strong></span> <span class='ocrx_word' id='word_1_106' title='bbox 343 1629 435 1712; x_wconf 76' lang='grc' dir='ltr'><strong><em>οὗτος</em></strong></span> <span class='ocrx_word' id='word_1_107' title='bbox 463 1646 528 1714; x_wconf 79' lang='grc' dir='ltr'><strong><em>ταῖς</em></strong></span> <span class='ocrx_word' id='word_1_108' title='bbox 550 1649 703 1722; x_wconf 81' lang='grc' dir='ltr'><strong><em>μοναχοῐς</em></strong></span> <span class='ocrx_word' id='word_1_109' title='bbox 731 1643 791 1721; x_wconf 81' lang='grc' dir='ltr'><strong><em>μὲν</em></strong></span> <span class='ocrx_word' id='word_1_110' title='bbox 819 1645 1056 1725; x_wconf 77' lang='grc' dir='ltr'><strong><em>κατειλεγμένος</em></strong></span> <span class='ocrx_word' id='word_1_111' title='bbox 1079 1628 1170 1707; x_wconf 74' lang='grc' dir='ltr'><strong><em>όκτο-</em></strong></span> 
     </span>
     <span class='ocr_line' id='line_1_15' title="bbox 56 1733 1171 1826; baseline 0.009 -29"><span class='ocrx_word' id='word_1_112' title='bbox 56 1736 152 1815; x_wconf 86' lang='grc' dir='ltr'><strong><em>μίας,</em></strong></span> <span class='ocrx_word' id='word_1_113' title='bbox 175 1733 248 1826; x_wconf 77' lang='grc' dir='ltr'><strong><em>δόξῃ</em></strong></span> <span class='ocrx_word' id='word_1_114' title='bbox 271 1740 307 1801; x_wconf 78' lang='grc' dir='ltr'><strong><em>δὲ</em></strong></span> <span class='ocrx_word' id='word_1_115' title='bbox 335 1740 555 1824; x_wconf 81' lang='grc' dir='ltr'><strong><em>διεπτοημὲνος</em></strong></span> <span class='ocrx_word' id='word_1_116' title='bbox 577 1744 631 1804; x_wconf 84' lang='grc' dir='ltr'><strong><em>καί</em></strong></span> <span class='ocrx_word' id='word_1_117' title='bbox 653 1739 707 1806; x_wconf 84' lang='grc' dir='ltr'><strong><em>διό</em></strong></span> <span class='ocrx_word' id='word_1_118' title='bbox 728 1745 820 1807; x_wconf 80' lang='grc' dir='ltr'><strong><em>τοῦτο</em></strong></span> <span class='ocrx_word' id='word_1_119' title='bbox 839 1745 1082 1826; x_wconf 74' lang='grc' dir='ltr'><strong><em>προσηλωμένος</em></strong></span> <span class='ocrx_word' id='word_1_120' title='bbox 1102 1751 1171 1820; x_wconf 82' lang='grc' dir='ltr'><strong><em>τοϊς</em></strong></span> 
     </span>
     <span class='ocr_line' id='line_1_16' title="bbox 12 1835 1171 1934; baseline 0.007 -35"><span class='ocrx_word' id='word_1_121' title='bbox 12 1835 104 1918; x_wconf 85' lang='grc' dir='ltr'><strong><em>15μὴ</em></strong></span> <span class='ocrx_word' id='word_1_122' title='bbox 129 1836 341 1926; x_wconf 78' lang='grc' dir='ltr'><strong><em>προσήκουσι)</em></strong></span> <span class='ocrx_word' id='word_1_123' title='bbox 369 1837 575 1923; x_wconf 71' lang='grc' dir='ltr'><strong><em>συνάρασθαι</em></strong></span> <span class='ocrx_word' id='word_1_124' title='bbox 595 1838 695 1930; x_wconf 78' lang='grc' dir='ltr'><strong><em>τούτῳ</em></strong></span> <span class='ocrx_word' id='word_1_125' title='bbox 726 1847 785 1906; x_wconf 78' lang='grc' dir='ltr'><strong><em>ταδ’</em></strong></span> <span class='ocrx_word' id='word_1_126' title='bbox 807 1843 887 1928; x_wconf 87' lang='grc' dir='ltr'><strong><em>πρός</em></strong></span> <span class='ocrx_word' id='word_1_127' title='bbox 913 1840 988 1934; x_wconf 78' lang='grc' dir='ltr'><strong><em>τοός</em></strong></span> <span class='ocrx_word' id='word_1_128' title='bbox 1009 1845 1171 1919; x_wconf 82' lang='grc' dir='ltr'><strong><em>ε’ναντιόνς</em></strong></span> 
     </span>
     <span class='ocr_line' id='line_1_17' title="bbox 58 1934 1172 2034; baseline 0.005 -34"><span class='ocrx_word' id='word_1_129' title='bbox 58 1937 216 2018; x_wconf 77' lang='grc' dir='ltr'><strong><em>πολέμου.</em></strong></span> <span class='ocrx_word' id='word_1_130' title='bbox 259 1939 467 2026; x_wconf 85' lang='grc' dir='ltr'><strong><em>σοναγηοχοός</em></strong></span> <span class='ocrx_word' id='word_1_131' title='bbox 495 1935 553 2006; x_wconf 82' lang='grc' dir='ltr'><strong><em>οδν</em></strong></span> <span class='ocrx_word' id='word_1_132' title='bbox 583 1934 674 2034; x_wconf 76' lang='grc' dir='ltr'><strong><em>οὗτος</em></strong></span> <span class='ocrx_word' id='word_1_133' title='bbox 695 1941 770 2020; x_wconf 85' lang='grc' dir='ltr'><strong><em>τοός</em></strong></span> <span class='ocrx_word' id='word_1_134' title='bbox 793 1937 906 2025; x_wconf 81' lang='grc' dir='ltr'><strong><em>δλοσς,</em></strong></span> <span class='ocrx_word' id='word_1_135' title='bbox 926 1943 1011 2028; x_wconf 78' lang='grc' dir='ltr'><strong><em>ἄδρρῖ</em></strong></span> <span class='ocrx_word' id='word_1_136' title='bbox 1034 1941 1172 2025; x_wconf 85' lang='grc' dir='ltr'><strong><em>δονόμει</em></strong></span> 
     </span>
     <span class='ocr_line' id='line_1_18' title="bbox 59 2035 1172 2126; baseline 0.007 -25"><span class='ocrx_word' id='word_1_137' title='bbox 59 2039 226 2120; x_wconf 90' lang='grc' dir='ltr'><strong><em>διαβαίνει</em></strong></span> <span class='ocrx_word' id='word_1_138' title='bbox 247 2039 299 2104; x_wconf 85' lang='grc' dir='ltr'><strong><em>τὸν</em></strong></span> <span class='ocrx_word' id='word_1_139' title='bbox 323 2041 603 2126; x_wconf 78' lang='grc' dir='ltr'><strong><em>ὑπερανεστηκότα</em></strong></span> <span class='ocrx_word' id='word_1_140' title='bbox 624 2043 741 2125; x_wconf 86' lang='grc' dir='ltr'><strong><em>βουνόν</em></strong></span> <span class='ocrx_word' id='word_1_141' title='bbox 761 2041 816 2108; x_wconf 84' lang='grc' dir='ltr'><strong><em>καί</em></strong></span> <span class='ocrx_word' id='word_1_142' title='bbox 843 2035 910 2108; x_wconf 79' lang='grc' dir='ltr'><strong><em>οἷον</em></strong></span> <span class='ocrx_word' id='word_1_143' title='bbox 932 2043 1086 2126; x_wconf 71' lang='grc' dir='ltr'><strong><em>μεθόριον</em></strong></span> <span class='ocrx_word' id='word_1_144' title='bbox 1104 2044 1172 2109; x_wconf 86' lang='grc' dir='ltr'><strong><em>κεί-</em></strong></span> 
     </span>
     <span class='ocr_line' id='line_1_19' title="bbox 59 2135 1170 2231; baseline 0.007 -29"><span class='ocrx_word' id='word_1_145' title='bbox 59 2159 160 2218; x_wconf 87' lang='grc' dir='ltr'><strong><em>μενον</em></strong></span> <span class='ocrx_word' id='word_1_146' title='bbox 177 2142 233 2223; x_wconf 81' lang='grc' dir='ltr'><strong><em>τῆς</em></strong></span> <span class='ocrx_word' id='word_1_147' title='bbox 252 2163 286 2205; x_wconf 87' lang='grc' dir='ltr'><strong><em>τε</em></strong></span> <span class='ocrx_word' id='word_1_148' title='bbox 310 2143 532 2228; x_wconf 75' lang='grc' dir='ltr'><strong><em>Μακεδονικῆς</em></strong></span> <span class='ocrx_word' id='word_1_149' title='bbox 560 2147 615 2209; x_wconf 84' lang='grc' dir='ltr'><strong><em>καί</em></strong></span> <span class='ocrx_word' id='word_1_150' title='bbox 645 2147 708 2208; x_wconf 78' lang='grc' dir='ltr'><strong><em>τῶν</em></strong></span> <span class='ocrx_word' id='word_1_151' title='bbox 730 2148 805 2227; x_wconf 83' lang='grc' dir='ltr'><strong><em>περί</em></strong></span> <span class='ocrx_word' id='word_1_152' title='bbox 832 2143 883 2209; x_wconf 84' lang='grc' dir='ltr'><strong><em>τὸν</em></strong></span> <span class='ocrx_word' id='word_1_153' title='bbox 898 2135 1022 2228; x_wconf 79' lang='grc' dir='ltr'><strong><em>Ἴστρον</em></strong></span> <span class='ocrx_word' id='word_1_154' title='bbox 1039 2149 1170 2231; x_wconf 78' lang='grc' dir='ltr'><strong><em>χωρῶν,</em></strong></span> 
     </span>
     <span class='ocr_line' id='line_1_20' title="bbox 60 2236 1171 2330; baseline 0.007 -27"><span class='ocrx_word' id='word_1_155' title='bbox 60 2236 97 2316; x_wconf 82' lang='grc' dir='ltr'><strong><em>δς</em></strong></span> <span class='ocrx_word' id='word_1_156' title='bbox 116 2241 176 2322; x_wconf 69' lang='grc' dir='ltr'><strong><em>καί</em></strong></span> <span class='ocrx_word' id='word_1_157' title='bbox 196 2241 302 2326; x_wconf 87' lang='grc' dir='ltr'><strong><em>Ζνγός</em></strong></span> <span class='ocrx_word' id='word_1_158' title='bbox 330 2243 382 2308; x_wconf 86' lang='grc' dir='ltr'><strong><em>διό</em></strong></span> <span class='ocrx_word' id='word_1_159' title='bbox 411 2246 502 2309; x_wconf 75' lang='grc' dir='ltr'><strong><em>τοῦτο</em></strong></span> <span class='ocrx_word' id='word_1_160' title='bbox 536 2252 600 2321; x_wconf 79' lang='grc' dir='ltr'><strong><em>τοῖς</em></strong></span> <span class='ocrx_word' id='word_1_161' title='bbox 630 2248 816 2330; x_wconf 79' lang='grc' dir='ltr'><strong><em>ἐπιχωρίοις</em></strong></span> <span class='ocrx_word' id='word_1_162' title='bbox 838 2243 1095 2326; x_wconf 71' lang='grc' dir='ltr'><strong><em>’κατονομάζεται</em></strong></span> <span class='ocrx_word' id='word_1_163' title='bbox 1115 2249 1171 2311; x_wconf 78' lang='grc' dir='ltr'><strong><em>καί</em></strong></span> 
     </span>
    </p>
   </div>
   <div class='ocr_carea' id='block_1_3' title="bbox 16 2339 1222 2739">
    <p class='ocr_par' dir='ltr' id='par_1_3' title="bbox 16 2339 1222 2739">
     <span class='ocr_line' id='line_1_21' title="bbox 16 2339 1171 2433; baseline 0.005 -30"><span class='ocrx_word' id='word_1_164' title='bbox 16 2339 247 2418; x_wconf 73' lang='grc' dir='ltr'><strong><em>ιῡστενωποδς</em></strong></span> <span class='ocrx_word' id='word_1_165' title='bbox 275 2339 344 2427; x_wconf 77' lang='grc' dir='ltr'><strong><em>’ἔχει</em></strong></span> <span class='ocrx_word' id='word_1_166' title='bbox 371 2342 525 2428; x_wconf 81' lang='grc' dir='ltr'><strong><em>πολλσδς,</em></strong></span> <span class='ocrx_word' id='word_1_167' title='bbox 554 2345 649 2423; x_wconf 56' lang='lat' dir='ltr'><strong>otae</strong></span> <span class='ocrx_word' id='word_1_168' title='bbox 685 2347 836 2433; x_wconf 78' lang='grc' dir='ltr'><strong><em>δημώδης</em></strong></span> <span class='ocrx_word' id='word_1_169' title='bbox 863 2345 954 2429; x_wconf 78' lang='grc' dir='ltr'><strong><em>λόγος</em></strong></span> <span class='ocrx_word' id='word_1_170' title='bbox 981 2340 1171 2429; x_wconf 77' lang='grc' dir='ltr'><strong><em>κλεισοόρας</em></strong></span> 
     </span>
     <span class='ocr_line' id='line_1_22' title="bbox 60 2439 1222 2543; baseline 0.001 -38"><span class='ocrx_word' id='word_1_171' title='bbox 60 2448 174 2507; x_wconf 83' lang='grc' dir='ltr'><strong><em>καλεῖν</em></strong></span> <span class='ocrx_word' id='word_1_172' title='bbox 194 2443 368 2527; x_wconf 74' lang='grc' dir='ltr'><strong><em>παρέλαβε.</em></strong></span> <span class='ocrx_word' id='word_1_173' title='bbox 400 2439 403 2445; x_wconf 63' lang='grc'><strong>’</strong></span> <span class='ocrx_word' id='word_1_174' title='bbox 428 2445 483 2511; x_wconf 84' lang='grc' dir='ltr'><strong><em>καί</em></strong></span> <span class='ocrx_word' id='word_1_175' title='bbox 502 2447 576 2530; x_wconf 83' lang='grc' dir='ltr'><strong><em>περί</em></strong></span> <span class='ocrx_word' id='word_1_176' title='bbox 596 2447 651 2532; x_wconf 75' lang='grc' dir='ltr'><strong><em>τήν</em></strong></span> <span class='ocrx_word' id='word_1_177' title='bbox 671 2446 813 2534; x_wconf 79' lang='grc' dir='ltr'><strong><em>μεγάλην</em></strong></span> <span class='ocrx_word' id='word_1_178' title='bbox 836 2444 1075 2532; x_wconf 76' lang='grc' dir='ltr'><strong><em>Πραισδλόβαν</em></strong></span> <span class='ocrx_word' id='word_1_179' title='bbox 1097 2446 1172 2529; x_wconf 89' lang='grc' dir='ltr'><strong><em>διη-</em></strong></span> <span class='ocrx_word' id='word_1_180' title='bbox 1211 2534 1222 2543; x_wconf 18' lang='grc' dir='ltr'><strong>Ν</strong></span> 
     </span>
     <span class='ocr_line' id='line_1_23' title="bbox 60 2543 1171 2637; baseline -0.001 -25"><span class='ocrx_word' id='word_1_181' title='bbox 60 2543 225 2634; x_wconf 86' lang='grc' dir='ltr'><strong><em>μερεόσας</em></strong></span> <span class='ocrx_word' id='word_1_182' title='bbox 247 2546 285 2615; x_wconf 85' lang='grc' dir='ltr'><strong><em>τό</em></strong></span> <span class='ocrx_word' id='word_1_183' title='bbox 307 2547 454 2633; x_wconf 89' lang='grc' dir='ltr'><strong><em>πρόςτόν</em></strong></span> <span class='ocrx_word' id='word_1_184' title='bbox 474 2549 611 2633; x_wconf 79' lang='grc' dir='ltr'><strong><em>πόλεμον</em></strong></span> <span class='ocrx_word' id='word_1_185' title='bbox 631 2552 847 2637; x_wconf 82' lang='grc' dir='ltr'><strong><em>ηότρειιίζετο,</em></strong></span> <span class='ocrx_word' id='word_1_186' title='bbox 868 2545 1095 2633; x_wconf 78' lang='grc' dir='ltr'><strong><em>βοσλεοτηριον</em></strong></span> <span class='ocrx_word' id='word_1_187' title='bbox 1109 2571 1171 2611; x_wconf 81' lang='grc' dir='ltr'><strong><em>κα-</em></strong></span> 
     </span>
     <span class='ocr_line' id='line_1_24' title="bbox 61 2645 1170 2739; baseline -0.001 -25"><span class='ocrx_word' id='word_1_188' title='bbox 61 2654 161 2727; x_wconf 76' lang='grc' dir='ltr'><strong><em>θίσας</em></strong></span> <span class='ocrx_word' id='word_1_189' title='bbox 190 2652 245 2714; x_wconf 85' lang='grc' dir='ltr'><strong><em>καί</em></strong></span> <span class='ocrx_word' id='word_1_190' title='bbox 266 2650 341 2735; x_wconf 80' lang='grc' dir='ltr'><strong><em>περὶ</em></strong></span> <span class='ocrx_word' id='word_1_191' title='bbox 360 2654 422 2717; x_wconf 83' lang='grc' dir='ltr'><strong><em>τιόν</em></strong></span> <span class='ocrx_word' id='word_1_192' title='bbox 444 2647 571 2720; x_wconf 85' lang='grc' dir='ltr'><strong><em>εἰκότων</em></strong></span> <span class='ocrx_word' id='word_1_193' title='bbox 593 2655 792 2739; x_wconf 75' lang='grc' dir='ltr'><strong><em>δημηγορῶν.</em></strong></span> <span class='ocrx_word' id='word_1_194' title='bbox 851 2648 868 2715; x_wconf 85' lang='grc' dir='ltr'><strong><em>ό</em></strong></span> <span class='ocrx_word' id='word_1_195' title='bbox 891 2653 926 2717; x_wconf 79' lang='grc' dir='ltr'><strong><em>δὲ</em></strong></span> <span class='ocrx_word' id='word_1_196' title='bbox 944 2645 1096 2732; x_wconf 78' lang='grc' dir='ltr'><strong><em>βασιλεδς</em></strong></span> <span class='ocrx_word' id='word_1_197' title='bbox 1112 2649 1170 2734; x_wconf 74' lang='grc' dir='ltr'><strong><em>τὴν</em></strong></span> 
     </span>
    </p>
   </div>
   <div class='ocr_carea' id='block_1_4' title="bbox 138 2810 1125 2897">
    <p class='ocr_par' dir='ltr' id='par_1_4' title="bbox 138 2810 1125 2897">
     <span class='ocr_line' id='line_1_25' title="bbox 138 2810 1125 2897; baseline 0 -20"><span class='ocrx_word' id='word_1_198' title='bbox 138 2824 180 2878; x_wconf 87' lang='grc'><strong><em>10.</em></strong></span> <span class='ocrx_word' id='word_1_199' title='bbox 202 2838 235 2877; x_wconf 80' lang='lat' dir='ltr'><strong>an</strong></span> <span class='ocrx_word' id='word_1_200' title='bbox 254 2822 438 2897; x_wconf 70' lang='grc' dir='ltr'><strong><em>δογματίζειδ</em></strong></span> <span class='ocrx_word' id='word_1_201' title='bbox 1103 2810 1125 2846; x_wconf 68' lang='lat'>⁸</span> 
     </span>
    </p>
   </div>
   <div class='ocr_carea' id='block_1_5' title="bbox 40 2978 1233 4265">
    <p class='ocr_par' dir='ltr' id='par_1_5' title="bbox 40 2978 1233 4265">
     <span class='ocr_line' id='line_1_26' title="bbox 64 2978 1169 3052; baseline -0.006 -20"><span class='ocrx_word' id='word_1_202' title='bbox 64 2981 147 3052; x_wconf 82' lang='lat' dir='ltr'><strong>poli).</strong></span> <span class='ocrx_word' id='word_1_203' title='bbox 187 2981 340 3035; x_wconf 77' lang='lat' dir='ltr'>conducens</span> <span class='ocrx_word' id='word_1_204' title='bbox 360 2983 443 3052; x_wconf 89' lang='lat' dir='ltr'><strong>igitur</strong></span> <span class='ocrx_word' id='word_1_205' title='bbox 462 2997 565 3035; x_wconf 87' lang='lat' dir='ltr'><strong>omnem</strong></span> <span class='ocrx_word' id='word_1_206' title='bbox 592 2984 738 3036; x_wconf 85' lang='lat' dir='ltr'><strong>exercitum</strong></span> <span class='ocrx_word' id='word_1_207' title='bbox 758 2982 911 3034; x_wconf 82' lang='lat' dir='ltr'><strong>declaratus</strong></span> <span class='ocrx_word' id='word_1_208' title='bbox 926 2981 980 3032; x_wconf 83' lang='lat' dir='ltr'><strong><em>dux</em></strong></span> <span class='ocrx_word' id='word_1_209' title='bbox 998 2978 1083 3048; x_wconf 84' lang='lat' dir='ltr'><strong>signis</strong></span> <span class='ocrx_word' id='word_1_210' title='bbox 1102 2978 1169 3030; x_wconf 88' lang='lat' dir='ltr'><strong>sub.</strong></span> 
     </span>
     <span class='ocr_line' id='line_1_27' title="bbox 40 3051 1168 3123; baseline -0.006 -20"><span class='ocrx_word' id='word_1_211' title='bbox 40 3110 44 3119; x_wconf 26' lang='lat' dir='ltr'><strong><em>s</em></strong></span> <span class='ocrx_word' id='word_1_212' title='bbox 64 3053 124 3105; x_wconf 92' lang='lat' dir='ltr'><strong>latis</strong></span> <span class='ocrx_word' id='word_1_213' title='bbox 146 3053 325 3120; x_wconf 82' lang='lat' dir='ltr'><strong>proficiscitur</strong></span> <span class='ocrx_word' id='word_1_214' title='bbox 343 3055 376 3106; x_wconf 88' lang='lat' dir='ltr'><strong>ad</strong></span> <span class='ocrx_word' id='word_1_215' title='bbox 393 3054 576 3107; x_wconf 83' lang='lat' dir='ltr'><strong>defensionem</strong></span> <span class='ocrx_word' id='word_1_216' title='bbox 591 3064 618 3107; x_wconf 87' lang='lat' dir='ltr'><strong><em>et</em></strong></span> <span class='ocrx_word' id='word_1_217' title='bbox 632 3068 794 3123; x_wconf 86' lang='lat' dir='ltr'><strong>congressus</strong></span> <span class='ocrx_word' id='word_1_218' title='bbox 811 3069 870 3104; x_wconf 89' lang='lat' dir='ltr'><strong><em>cum</em></strong></span> <span class='ocrx_word' id='word_1_219' title='bbox 889 3054 923 3104; x_wconf 88' lang='lat' dir='ltr'><strong><em>iis</em></strong></span> <span class='ocrx_word' id='word_1_220' title='bbox 936 3052 964 3103; x_wconf 92' lang='lat' dir='ltr'><strong><em>in</em></strong></span> <span class='ocrx_word' id='word_1_221' title='bbox 986 3051 1081 3102; x_wconf 88' lang='lat' dir='ltr'><strong>eastris</strong></span> <span class='ocrx_word' id='word_1_222' title='bbox 1099 3063 1168 3099; x_wconf 89' lang='lat' dir='ltr'><strong>con.</strong></span> 
     </span>
     <span class='ocr_line' id='line_1_28' title="bbox 64 3118 1169 3193; baseline -0.004 -18"><span class='ocrx_word' id='word_1_223' title='bbox 64 3126 165 3177; x_wconf 88' lang='lat' dir='ltr'><strong>stitutis</strong></span> <span class='ocrx_word' id='word_1_224' title='bbox 188 3140 277 3193; x_wconf 86' lang='lat' dir='ltr'><strong>pugna</strong></span> <span class='ocrx_word' id='word_1_225' title='bbox 298 3127 377 3176; x_wconf 87' lang='lat' dir='ltr'><strong>etiam</strong></span> <span class='ocrx_word' id='word_1_226' title='bbox 398 3126 446 3180; x_wconf 85' lang='lat' dir='ltr'><strong><em>hos</em></strong></span> <span class='ocrx_word' id='word_1_227' title='bbox 469 3128 535 3178; x_wconf 86' lang='lat' dir='ltr'><strong>vicit</strong></span> <span class='ocrx_word' id='word_1_228' title='bbox 562 3134 588 3177; x_wconf 84' lang='lat' dir='ltr'><strong><em>et</em></strong></span> <span class='ocrx_word' id='word_1_229' title='bbox 612 3126 692 3178; x_wconf 83' lang='lat' dir='ltr'><strong>simili</strong></span> <span class='ocrx_word' id='word_1_230' title='bbox 713 3126 791 3177; x_wconf 86' lang='lat' dir='ltr'><strong>modo</strong></span> <span class='ocrx_word' id='word_1_231' title='bbox 811 3139 859 3175; x_wconf 88' lang='lat' dir='ltr'><strong>eos</strong></span> <span class='ocrx_word' id='word_1_232' title='bbox 876 3131 993 3176; x_wconf 87' lang='lat' dir='ltr'><strong>tractans</strong></span> <span class='ocrx_word' id='word_1_233' title='bbox 1011 3118 1169 3172; x_wconf 81' lang='lat' dir='ltr'><strong>interlectos</strong></span> 
     </span>
     <span class='ocr_line' id='line_1_29' title="bbox 64 3191 1169 3267; baseline -0.005 -21"><span class='ocrx_word' id='word_1_234' title='bbox 64 3196 194 3263; x_wconf 86' lang='lat' dir='ltr'><strong>spoliavit</strong></span> <span class='ocrx_word' id='word_1_235' title='bbox 217 3204 321 3247; x_wconf 79' lang='lat' dir='ltr'><strong>etcum</strong></span> <span class='ocrx_word' id='word_1_236' title='bbox 339 3198 470 3249; x_wconf 82' lang='lat' dir='ltr'><strong>victoriae</strong></span> <span class='ocrx_word' id='word_1_237' title='bbox 489 3199 573 3267; x_wconf 86' lang='lat' dir='ltr'><strong>signis</strong></span> <span class='ocrx_word' id='word_1_238' title='bbox 591 3200 619 3249; x_wconf 90' lang='lat' dir='ltr'><strong><em>iu</em></strong></span> <span class='ocrx_word' id='word_1_239' title='bbox 638 3213 685 3249; x_wconf 87' lang='lat' dir='ltr'><strong>sua</strong></span> <span class='ocrx_word' id='word_1_240' title='bbox 705 3204 792 3249; x_wconf 88' lang='lat' dir='ltr'><strong>castra</strong></span> <span class='ocrx_word' id='word_1_241' title='bbox 808 3193 952 3247; x_wconf 75' lang='lat' dir='ltr'><strong>transtulit.</strong></span> <span class='ocrx_word' id='word_1_242' title='bbox 971 3191 1061 3244; x_wconf 90' lang='lat' dir='ltr'><strong>multis</strong></span> <span class='ocrx_word' id='word_1_243' title='bbox 1081 3198 1169 3241; x_wconf 87' lang='lat' dir='ltr'><strong>autem</strong></span> 
     </span>
     <span class='ocr_line' id='line_1_30' title="bbox 65 3264 1169 3337; baseline -0.004 -20"><span class='ocrx_word' id='word_1_244' title='bbox 65 3268 164 3320; x_wconf 89' lang='lat' dir='ltr'><strong>talibus</strong></span> <span class='ocrx_word' id='word_1_245' title='bbox 188 3268 375 3321; x_wconf 77' lang='lat' dir='ltr'><strong>certaminibus</strong></span> <span class='ocrx_word' id='word_1_246' title='bbox 405 3271 474 3321; x_wconf 88' lang='lat' dir='ltr'><strong>intra</strong></span> <span class='ocrx_word' id='word_1_247' title='bbox 493 3270 606 3320; x_wconf 88' lang='lat' dir='ltr'><strong>lerream</strong></span> <span class='ocrx_word' id='word_1_248' title='bbox 625 3270 749 3335; x_wconf 78' lang='lat' dir='ltr'><strong>superior</strong></span> <span class='ocrx_word' id='word_1_249' title='bbox 760 3266 883 3319; x_wconf 82' lang='lat' dir='ltr'><strong>hostibus</strong></span> <span class='ocrx_word' id='word_1_250' title='bbox 895 3264 1047 3337; x_wconf 69' lang='lat' dir='ltr'><strong>declaratus</strong></span> <span class='ocrx_word' id='word_1_251' title='bbox 1065 3276 1169 3314; x_wconf 88' lang='lat' dir='ltr'><strong>onmem</strong></span> 
     </span>
     <span class='ocr_line' id='line_1_31' title="bbox 64 3338 1170 3418; baseline 0.002 -32"><span class='ocrx_word' id='word_1_252' title='bbox 64 3338 138 3390; x_wconf 92' lang='lat' dir='ltr'><strong>illam</strong></span> <span class='ocrx_word' id='word_1_253' title='bbox 158 3347 255 3411; x_wconf 81' lang='lat' dir='ltr'><strong>terram</strong></span> <span class='ocrx_word' id='word_1_254' title='bbox 274 3354 288 3389; x_wconf 91' lang='lat' dir='ltr'><strong>a</strong></span> <span class='ocrx_word' id='word_1_255' title='bbox 307 3340 418 3392; x_wconf 88' lang='lat' dir='ltr'><strong>barbara</strong></span> <span class='ocrx_word' id='word_1_256' title='bbox 436 3343 591 3393; x_wconf 78' lang='lat' dir='ltr'><strong>incursione</strong></span> <span class='ocrx_word' id='word_1_257' title='bbox 610 3340 715 3391; x_wconf 80' lang='lat' dir='ltr'><strong>fortiter</strong></span> <span class='ocrx_word' id='word_1_258' title='bbox 732 3340 867 3407; x_wconf 79' lang='lat' dir='ltr'><strong>purgavit.</strong></span> <span class='ocrx_word' id='word_1_259' title='bbox 1115 3405 1121 3418; x_wconf 89' lang='lat'><strong>.</strong></span> <span class='ocrx_word' id='word_1_260' title='bbox 1140 3404 1170 3417; x_wconf 65' lang='lat'><strong><em>.‚</em></strong></span> 
     </span>
     <span class='ocr_line' id='line_1_32' title="bbox 170 3410 1168 3487; baseline -0.008 -25"><span class='ocrx_word' id='word_1_261' title='bbox 170 3410 264 3463; x_wconf 82' lang='lat' dir='ltr'><strong>Elatus</strong></span> <span class='ocrx_word' id='word_1_262' title='bbox 277 3411 359 3478; x_wconf 88' lang='lat' dir='ltr'><strong>igitur</strong></span> <span class='ocrx_word' id='word_1_263' title='bbox 377 3428 424 3463; x_wconf 89' lang='lat' dir='ltr'><strong>rex</strong></span> <span class='ocrx_word' id='word_1_264' title='bbox 443 3412 499 3463; x_wconf 90' lang='lat' dir='ltr'><strong>illis</strong></span> <span class='ocrx_word' id='word_1_265' title='bbox 519 3411 707 3464; x_wconf 75' lang='lat' dir='ltr'><strong>certaminibus</strong></span> <span class='ocrx_word' id='word_1_266' title='bbox 728 3419 755 3461; x_wconf 88' lang='lat' dir='ltr'><strong><em>et</em></strong></span> <span class='ocrx_word' id='word_1_267' title='bbox 776 3412 897 3462; x_wconf 86' lang='lat' dir='ltr'><strong>victoriis</strong></span> <span class='ocrx_word' id='word_1_268' title='bbox 917 3411 1052 3463; x_wconf 84' lang='lat' dir='ltr'><strong>decretum</strong></span> <span class='ocrx_word' id='word_1_269' title='bbox 1072 3410 1168 3487; x_wconf 72' lang='lat' dir='ltr'><strong>emrsrt3</strong></span> 
     </span>
     <span class='ocr_line' id='line_1_33' title="bbox 64 3473 1170 3546; baseline -0.006 -16"><span class='ocrx_word' id='word_1_270' title='bbox 64 3488 93 3531; x_wconf 92' lang='lat' dir='ltr'><strong>ut</strong></span> <span class='ocrx_word' id='word_1_271' title='bbox 112 3480 167 3545; x_wconf 39' lang='lat' dir='ltr'><strong><em>&#39;hic</em></strong></span> <span class='ocrx_word' id='word_1_272' title='bbox 191 3490 248 3533; x_wconf 91' lang='lat' dir='ltr'><strong>toto</strong></span> <span class='ocrx_word' id='word_1_273' title='bbox 276 3496 335 3532; x_wconf 87' lang='lat' dir='ltr'><strong><em>oum</em></strong></span> <span class='ocrx_word' id='word_1_274' title='bbox 362 3486 481 3535; x_wconf 87' lang='lat' dir='ltr'><strong>exercitu</strong></span> <span class='ocrx_word' id='word_1_275' title='bbox 509 3485 535 3535; x_wconf 91' lang='lat' dir='ltr'><strong><em>iu</em></strong></span> <span class='ocrx_word' id='word_1_276' title='bbox 563 3483 677 3534; x_wconf 89' lang='lat' dir='ltr'><strong>hostium</strong></span> <span class='ocrx_word' id='word_1_277' title='bbox 704 3484 757 3534; x_wconf 89' lang='lat' dir='ltr'><strong>iret</strong></span> <span class='ocrx_word' id='word_1_278' title='bbox 777 3490 872 3546; x_wconf 85' lang='lat' dir='ltr'><strong>eastra,</strong></span> <span class='ocrx_word' id='word_1_279' title='bbox 892 3482 977 3534; x_wconf 86' lang='lat' dir='ltr'><strong>altera</strong></span> <span class='ocrx_word' id='word_1_280' title='bbox 996 3480 1024 3531; x_wconf 80' lang='lat' dir='ltr'><strong><em>vi</em></strong></span> <span class='ocrx_word' id='word_1_281' title='bbox 1043 3473 1170 3529; x_wconf 77' lang='lat' dir='ltr'><strong>orientali</strong></span> 
     </span>
     <span class='ocr_line' id='line_1_34' title="bbox 67 3553 1169 3623; baseline -0.005 -21"><span class='ocrx_word' id='word_1_282' title='bbox 67 3554 211 3604; x_wconf 86' lang='lat' dir='ltr'><strong>exercitum</strong></span> <span class='ocrx_word' id='word_1_283' title='bbox 230 3553 352 3619; x_wconf 83' lang='lat' dir='ltr'><strong>implens.</strong></span> <span class='ocrx_word' id='word_1_284' title='bbox 390 3555 464 3606; x_wconf 86' lang='lat' dir='ltr'><strong>iubet</strong></span> <span class='ocrx_word' id='word_1_285' title='bbox 483 3563 569 3607; x_wconf 89' lang='lat' dir='ltr'><strong>autem</strong></span> <span class='ocrx_word' id='word_1_286' title='bbox 585 3556 663 3607; x_wconf 88' lang='lat' dir='ltr'><strong>etiam</strong></span> <span class='ocrx_word' id='word_1_287' title='bbox 682 3554 859 3623; x_wconf 76' lang='lat' dir='ltr'><strong>bulgarorum</strong></span> <span class='ocrx_word' id='word_1_288' title='bbox 878 3562 1008 3618; x_wconf 77' lang='lat' dir='ltr'><strong>satrapam</strong></span> <span class='ocrx_word' id='word_1_289' title='bbox 1027 3553 1101 3617; x_wconf 88' lang='lat' dir='ltr'><strong>(erat</strong></span> <span class='ocrx_word' id='word_1_290' title='bbox 1117 3562 1169 3597; x_wconf 87' lang='lat' dir='ltr'><strong>au.</strong></span> 
     </span>
     <span class='ocr_line' id='line_1_35' title="bbox 65 3623 1233 3701; baseline -0.006 -28"><span class='ocrx_word' id='word_1_291' title='bbox 65 3630 116 3675; x_wconf 88' lang='lat' dir='ltr'><strong><em>tem</em></strong></span> <span class='ocrx_word' id='word_1_292' title='bbox 134 3623 179 3676; x_wconf 87' lang='lat' dir='ltr'><strong>lric</strong></span> <span class='ocrx_word' id='word_1_293' title='bbox 206 3624 350 3677; x_wconf 86' lang='lat' dir='ltr'><strong>monachus</strong></span> <span class='ocrx_word' id='word_1_294' title='bbox 380 3634 483 3678; x_wconf 83' lang='lat' dir='ltr'><strong>creatus</strong></span> <span class='ocrx_word' id='word_1_295' title='bbox 504 3626 655 3690; x_wconf 84' lang='lat' dir='ltr'><strong>eunuchus,</strong></span> <span class='ocrx_word' id='word_1_296' title='bbox 677 3626 744 3677; x_wconf 83' lang='lat' dir='ltr'><strong>fama</strong></span> <span class='ocrx_word' id='word_1_297' title='bbox 763 3634 851 3677; x_wconf 87' lang='lat' dir='ltr'><strong>autem</strong></span> <span class='ocrx_word' id='word_1_298' title='bbox 870 3624 1026 3682; x_wconf 86' lang='lat' dir='ltr'><strong>deterritus,</strong></span> <span class='ocrx_word' id='word_1_299' title='bbox 1053 3626 1081 3669; x_wconf 85' lang='lat' dir='ltr'><strong><em>et</em></strong></span> <span class='ocrx_word' id='word_1_300' title='bbox 1102 3630 1168 3701; x_wconf 81' lang='lat' dir='ltr'><strong>pro.</strong></span> <span class='ocrx_word' id='word_1_301' title='bbox 1228 3673 1233 3686; x_wconf 66' lang='lat'><em>,</em></span> 
     </span>
     <span class='ocr_line' id='line_1_36' title="bbox 66 3692 1169 3773; baseline -0.004 -29"><span class='ocrx_word' id='word_1_302' title='bbox 66 3702 157 3759; x_wconf 84' lang='lat' dir='ltr'><strong>pterea</strong></span> <span class='ocrx_word' id='word_1_303' title='bbox 177 3712 319 3767; x_wconf 77' lang='lat' dir='ltr'><strong>aggressus</strong></span> <span class='ocrx_word' id='word_1_304' title='bbox 338 3712 407 3765; x_wconf 87' lang='lat' dir='ltr'><strong>quae</strong></span> <span class='ocrx_word' id='word_1_305' title='bbox 427 3712 481 3749; x_wconf 86' lang='lat' dir='ltr'><strong><em>non</em></strong></span> <span class='ocrx_word' id='word_1_306' title='bbox 504 3697 630 3766; x_wconf 86' lang='lat' dir='ltr'><strong>debebat)</strong></span> <span class='ocrx_word' id='word_1_307' title='bbox 651 3698 779 3749; x_wconf 84' lang='lat' dir='ltr'><strong>auxilinm</strong></span> <span class='ocrx_word' id='word_1_308' title='bbox 799 3703 936 3762; x_wconf 86' lang='lat' dir='ltr'><strong>praestare</strong></span> <span class='ocrx_word' id='word_1_309' title='bbox 953 3693 1017 3743; x_wconf 83' lang='lat' dir='ltr'><strong>huie</strong></span> <span class='ocrx_word' id='word_1_310' title='bbox 1035 3692 1063 3741; x_wconf 93' lang='lat' dir='ltr'><strong><em>in</em></strong></span> <span class='ocrx_word' id='word_1_311' title='bbox 1080 3705 1169 3773; x_wconf 36' lang='grc' dir='ltr'><strong><em>ορεστ..</em></strong></span> 
     </span>
     <span class='ocr_line' id='line_1_37' title="bbox 67 3761 1170 3845; baseline -0.001 -32"><span class='ocrx_word' id='word_1_312' title='bbox 67 3766 162 3831; x_wconf 82' lang='lat' dir='ltr'><strong>plaudo</strong></span> <span class='ocrx_word' id='word_1_313' title='bbox 186 3777 278 3820; x_wconf 87' lang='lat' dir='ltr'><strong>contra</strong></span> <span class='ocrx_word' id='word_1_314' title='bbox 301 3768 390 3821; x_wconf 86' lang='lat' dir='ltr'><strong>hostes</strong></span> <span class='ocrx_word' id='word_1_315' title='bbox 409 3768 501 3819; x_wconf 90' lang='lat' dir='ltr'><strong>bello:</strong></span> <span class='ocrx_word' id='word_1_316' title='bbox 524 3784 582 3819; x_wconf 89' lang='lat' dir='ltr'><strong>eum</strong></span> <span class='ocrx_word' id='word_1_317' title='bbox 601 3770 682 3837; x_wconf 89' lang='lat' dir='ltr'><strong>igitur</strong></span> <span class='ocrx_word' id='word_1_318' title='bbox 701 3769 839 3835; x_wconf 82' lang='lat' dir='ltr'><strong>coegisset</strong></span> <span class='ocrx_word' id='word_1_319' title='bbox 859 3766 904 3816; x_wconf 88' lang='lat' dir='ltr'><strong>bie</strong></span> <span class='ocrx_word' id='word_1_320' title='bbox 922 3779 1023 3827; x_wconf 87' lang='lat' dir='ltr'><strong>omnes,</strong></span> <span class='ocrx_word' id='word_1_321' title='bbox 1042 3761 1170 3845; x_wconf 69' lang='lat' dir='ltr'><strong>plenam</strong></span> 
     </span>
     <span class='ocr_line' id='line_1_38' title="bbox 66 3835 1169 3908; baseline -0.002 -22"><span class='ocrx_word' id='word_1_322' title='bbox 66 3837 258 3908; x_wconf 83' lang='lat' dir='ltr'><strong>transgreditur</strong></span> <span class='ocrx_word' id='word_1_323' title='bbox 278 3848 393 3901; x_wconf 77' lang='lat' dir='ltr'><strong>erectum</strong></span> <span class='ocrx_word' id='word_1_324' title='bbox 415 3838 511 3891; x_wconf 90' lang='lat' dir='ltr'><strong>collem</strong></span> <span class='ocrx_word' id='word_1_325' title='bbox 533 3848 560 3889; x_wconf 88' lang='lat' dir='ltr'><strong><em>et</em></strong></span> <span class='ocrx_word' id='word_1_326' title='bbox 578 3840 653 3907; x_wconf 85' lang='lat' dir='ltr'><strong>quasi</strong></span> <span class='ocrx_word' id='word_1_327' title='bbox 670 3840 749 3890; x_wconf 88' lang='lat' dir='ltr'><strong>linem</strong></span> <span class='ocrx_word' id='word_1_328' title='bbox 759 3838 930 3891; x_wconf 82' lang='lat' dir='ltr'><strong>llaeedoni&#39;ae</strong></span> <span class='ocrx_word' id='word_1_329' title='bbox 949 3844 976 3887; x_wconf 91' lang='lat' dir='ltr'><strong><em>et</em></strong></span> <span class='ocrx_word' id='word_1_330' title='bbox 994 3835 1055 3888; x_wconf 86' lang='lat' dir='ltr'><strong>latri</strong></span> <span class='ocrx_word' id='word_1_331' title='bbox 1075 3847 1169 3901; x_wconf 77' lang='lat' dir='ltr'><strong>reguo-</strong></span> 
     </span>
     <span class='ocr_line' id='line_1_39' title="bbox 67 3904 1169 3979; baseline -0.002 -22"><span class='ocrx_word' id='word_1_332' title='bbox 67 3922 135 3972; x_wconf 89' lang='lat' dir='ltr'><strong>num,</strong></span> <span class='ocrx_word' id='word_1_333' title='bbox 158 3912 202 3979; x_wconf 87' lang='lat' dir='ltr'><strong><em>qui</em></strong></span> <span class='ocrx_word' id='word_1_334' title='bbox 228 3913 307 3962; x_wconf 87' lang='lat' dir='ltr'><strong>etiam</strong></span> <span class='ocrx_word' id='word_1_335' title='bbox 331 3912 421 3979; x_wconf 91' lang='lat' dir='ltr'><strong>iugum</strong></span> <span class='ocrx_word' id='word_1_336' title='bbox 441 3918 583 3977; x_wconf 85' lang='lat' dir='ltr'><strong>propterea</strong></span> <span class='ocrx_word' id='word_1_337' title='bbox 601 3910 697 3961; x_wconf 88' lang='lat' dir='ltr'><strong>ineolis</strong></span> <span class='ocrx_word' id='word_1_338' title='bbox 722 3910 872 3961; x_wconf 87' lang='lat' dir='ltr'><strong>nominatur</strong></span> <span class='ocrx_word' id='word_1_339' title='bbox 891 3916 918 3960; x_wconf 87' lang='lat' dir='ltr'><strong><em>et</em></strong></span> <span class='ocrx_word' id='word_1_340' title='bbox 935 3908 1070 3977; x_wconf 81' lang='lat' dir='ltr'><strong>angustiae</strong></span> <span class='ocrx_word' id='word_1_341' title='bbox 1089 3904 1169 3957; x_wconf 85' lang='lat' dir='ltr'><strong>habet</strong></span> 
     </span>
     <span class='ocr_line' id='line_1_40' title="bbox 67 3980 1167 4050; baseline -0.006 -20"><span class='ocrx_word' id='word_1_342' title='bbox 67 3980 169 4047; x_wconf 85' lang='lat' dir='ltr'><strong>multas,</strong></span> <span class='ocrx_word' id='word_1_343' title='bbox 198 3998 262 4050; x_wconf 89' lang='lat' dir='ltr'><strong>quas</strong></span> <span class='ocrx_word' id='word_1_344' title='bbox 282 3982 419 4050; x_wconf 80' lang='lat' dir='ltr'><strong>popularis</strong></span> <span class='ocrx_word' id='word_1_345' title='bbox 448 3995 535 4033; x_wconf 86' lang='lat' dir='ltr'><strong>sermo</strong></span> <span class='ocrx_word' id='word_1_346' title='bbox 556 3981 692 4033; x_wconf 82' lang='lat' dir='ltr'><strong>clausuras</strong></span> <span class='ocrx_word' id='word_1_347' title='bbox 711 3995 810 4032; x_wconf 75' lang='lat' dir='ltr'><strong>uocare</strong></span> <span class='ocrx_word' id='word_1_348' title='bbox 829 3980 936 4032; x_wconf 83' lang='lat' dir='ltr'><strong>didicit:</strong></span> <span class='ocrx_word' id='word_1_349' title='bbox 956 3988 983 4030; x_wconf 86' lang='lat' dir='ltr'><strong><em>et</em></strong></span> <span class='ocrx_word' id='word_1_350' title='bbox 1001 3982 1073 4031; x_wconf 88' lang='lat' dir='ltr'><strong>eirca</strong></span> <span class='ocrx_word' id='word_1_351' title='bbox 1090 3990 1167 4044; x_wconf 85' lang='lat' dir='ltr'><strong>mag.</strong></span> 
     </span>
     <span class='ocr_line' id='line_1_41' title="bbox 67 4051 1168 4121; baseline 0.001 -24"><span class='ocrx_word' id='word_1_352' title='bbox 67 4064 123 4101; x_wconf 84' lang='lat' dir='ltr'><strong>nam</strong></span> <span class='ocrx_word' id='word_1_353' title='bbox 147 4053 346 4105; x_wconf 88' lang='lat' dir='ltr'><strong>Praesthlabam</strong></span> <span class='ocrx_word' id='word_1_354' title='bbox 371 4069 419 4120; x_wconf 90' lang='lat' dir='ltr'><strong>per</strong></span> <span class='ocrx_word' id='word_1_355' title='bbox 442 4054 511 4105; x_wconf 89' lang='lat' dir='ltr'><strong>diem</strong></span> <span class='ocrx_word' id='word_1_356' title='bbox 532 4060 614 4103; x_wconf 90' lang='lat' dir='ltr'><strong>totum</strong></span> <span class='ocrx_word' id='word_1_357' title='bbox 633 4051 751 4121; x_wconf 88' lang='lat' dir='ltr'><strong>degens,</strong></span> <span class='ocrx_word' id='word_1_358' title='bbox 776 4067 845 4119; x_wconf 87' lang='lat' dir='ltr'><strong>quae</strong></span> <span class='ocrx_word' id='word_1_359' title='bbox 864 4054 896 4104; x_wconf 87' lang='lat' dir='ltr'><strong>ad</strong></span> <span class='ocrx_word' id='word_1_360' title='bbox 915 4052 1016 4104; x_wconf 87' lang='lat' dir='ltr'><strong>bellum</strong></span> <span class='ocrx_word' id='word_1_361' title='bbox 1036 4057 1098 4102; x_wconf 88' lang='lat' dir='ltr'><strong>sunt</strong></span> <span class='ocrx_word' id='word_1_362' title='bbox 1114 4063 1168 4100; x_wconf 89' lang='lat' dir='ltr'><strong>ne.</strong></span> 
     </span>
     <span class='ocr_line' id='line_1_42' title="bbox 69 4123 1167 4203; baseline 0.002 -35"><span class='ocrx_word' id='word_1_363' title='bbox 69 4126 190 4189; x_wconf 87' lang='lat' dir='ltr'><strong>cessaria,</strong></span> <span class='ocrx_word' id='word_1_364' title='bbox 210 4125 394 4193; x_wconf 77' lang='lat' dir='ltr'><strong>praeparabat,</strong></span> <span class='ocrx_word' id='word_1_365' title='bbox 407 4126 506 4177; x_wconf 88' lang='lat' dir='ltr'><strong>curiam</strong></span> <span class='ocrx_word' id='word_1_366' title='bbox 525 4126 689 4175; x_wconf 88' lang='lat' dir='ltr'><strong>constituens</strong></span> <span class='ocrx_word' id='word_1_367' title='bbox 708 4131 737 4175; x_wconf 87' lang='lat' dir='ltr'><strong><em>et</em></strong></span> <span class='ocrx_word' id='word_1_368' title='bbox 756 4125 843 4189; x_wconf 78' lang='lat' dir='ltr'><strong>(ielis,</strong></span> <span class='ocrx_word' id='word_1_369' title='bbox 863 4140 931 4194; x_wconf 88' lang='lat' dir='ltr'><strong>quae</strong></span> <span class='ocrx_word' id='word_1_370' title='bbox 945 4123 1082 4185; x_wconf 82' lang='lat' dir='ltr'><strong>decerent,</strong></span> <span class='ocrx_word' id='word_1_371' title='bbox 1102 4134 1167 4203; x_wconf 80' lang='lat' dir='ltr'><strong>ora-</strong></span> 
     </span>
     <span class='ocr_line' id='line_1_43' title="bbox 68 4190 1167 4265; baseline 0.004 -27"><span class='ocrx_word' id='word_1_372' title='bbox 68 4190 151 4248; x_wconf 86' lang='lat' dir='ltr'><strong>tiones</strong></span> <span class='ocrx_word' id='word_1_373' title='bbox 175 4196 285 4249; x_wconf 88' lang='lat' dir='ltr'><strong>babens.</strong></span> <span class='ocrx_word' id='word_1_374' title='bbox 323 4204 475 4249; x_wconf 77' lang='lat' dir='ltr'><strong>rorantem</strong></span> <span class='ocrx_word' id='word_1_375' title='bbox 494 4197 612 4252; x_wconf 83' lang='lat' dir='ltr'><strong>volentis</strong></span> <span class='ocrx_word' id='word_1_376' title='bbox 639 4210 738 4251; x_wconf 85' lang='lat' dir='ltr'><strong>cavens</strong></span> <span class='ocrx_word' id='word_1_377' title='bbox 765 4211 917 4265; x_wconf 86' lang='lat' dir='ltr'><strong>egressum,</strong></span> <span class='ocrx_word' id='word_1_378' title='bbox 945 4196 1059 4247; x_wconf 79' lang='lat' dir='ltr'><strong>fortasse</strong></span> <span class='ocrx_word' id='word_1_379' title='bbox 1086 4200 1167 4243; x_wconf 73' lang='lat' dir='ltr'><strong>etiam</strong></span> 
     </span>
    </p>
   </div>
   <div class='ocr_carea' id='block_1_6' title="bbox 0 0 1424 4750">
    <p class='ocr_par' dir='ltr' id='par_1_6' title="bbox 0 0 1424 4750">
     <span class='ocr_line' id='line_1_44' title="bbox 0 0 1424 4750; baseline 0 0"><span class='ocrx_word' id='word_1_380' title='bbox 0 0 1424 4750; x_wconf 95' lang='lat' dir='ltr'><strong><em> </em></strong></span> 
     </span>
    </p>
   </div>
  </div>
 </body>
</html>
