2834 4750
415 215 421 222 ’
462 245 465 250 ’
538 197 745 328 anioala.
1141 259 1210 332 τοο

87 413 149 485 ὧν
176 415 273 505 ἦρχεν
302 424 381 506 α’νηρ
419 425 611 510 δραστήριος
640 433 695 492 καί
722 433 808 511 γένος
841 430 950 513 αὐχῶν
979 427 1142 510 βασιλικόν
1172 433 1207 495 ἐκ

85 523 279 604 Περσίδος,
311 521 439 603 ὀνόματι
471 525 674 608 Ἀμερτικῆς,
696 527 860 612 μακρόθεν
894 523 1042 609 ἑπόμενοι
1060 531 1115 594 καί
1138 523 1204 596 οἷον

86 623 354 706 δορυφοροῦντες
376 618 489 707 ἢπρός
503 629 654 705 ἐπίδειξιν
675 633 922 710 περιτρέχοντες.
946 636 1021 713 περὶ
1042 633 1078 695 δὲ
1099 633 1206 714 δειλην
1259 713 1263 720 ¹

86 721 198 802 ὀψίαν
222 725 573 806 στρατοπεδευσάμενος
604 719 619 790 ’ό
644 727 798 809 βασιλεύς
827 729 887 810 πρὸ
919 733 977 794 τού
1000 725 1204 813 Ἱεραπόλεως

45 822 70 873 5
86 814 209 899 ἄστεος
229 817 352 909 τάφρον
367 827 467 890 ἐκεῖσε
486 826 540 890 καί
554 825 682 911 χάρακα
698 827 780 893 κατά
804 826 839 893 τό
860 830 1040 910 εἰθισμένον
1059 824 1204 913 ἐπήξατο.

87 915 190 988 οῶπω
222 925 256 986 δέ
286 922 342 1008 την
371 927 551 1009 α’ποσκευην
585 925 614 992 οἱ
631 928 786 1011 Ῥωμαῖοι
815 933 953 1013 βεβαίως
982 939 1051 1004 ταῖς
1075 940 1203 1014 σκηναῖς

86 1023 301 1105 οἷποθέμενοι,
321 1027 398 1108 μηδ’
419 1025 660 1109 ἐγχρονίσαντες
682 1029 836 1111 ταύταις,
858 1022 927 1095 ὅσοι
951 1032 1006 1113 τῆς
1027 1029 1203 1116 ὑπηρεσίας

89 1124 244 1208 ὑπῆρχον
265 1124 319 1189 καί
339 1128 394 1207 τῆς
415 1130 476 1192 τῶν
500 1127 674 1210 Ἀρμενίων
696 1129 883 1212 συντάξεως,
906 1127 988 1194 εὐθύ
1005 1133 1061 1214 τῆς
1084 1126 1203 1206 πόλεως

91 1219 264 1309 ῶρμησαν.
308 1232 362 1292 καί
384 1230 509 1310 ἐπείπερ
532 1221 627 1314 εὐρον
660 1231 762 1314 αὐτην
794 1232 834 1294 οὐ
854 1230 937 1296 πάνυ
959 1228 1013 1294 διά
1037 1234 1098 1296 τῶν
1119 1228 1205 1311 ἐντός

28 1339 77 1392 10
94 1319 355 1410 οἷντιμαχομένην
393 1325 554 1413 (ἔφθησαν
585 1328 642 1413 γάρ
678 1327 709 1393 οἱ
740 1333 922 1415 Σαρακηνοί
953 1331 995 1417 τῷ
1025 1327 1116 1419 φόβφ
1148 1334 1204 1411 τῆς

94 1430 266 1509 βασιλικῆς
287 1430 457 1513 ἐπιδημίας
479 1433 657 1515 φυγαδείαν
676 1426 807 1496 ἑλέσθαι
828 1433 928 1512 πέραν
947 1435 1004 1496 τού
1025 1431 1203 1516 Εὐφράτου

15 1515 28 1528 ”
95 1531 283 1616 ποταμοῦ),
319 1526 402 1611 ταχύ
436 1527 627 1611 βιασάμενοι
649 1531 705 1608 τάς
734 1531 835 1607 πάλας
864 1528 951 1609 ἐντός
979 1531 1204 1616 εἰσεπήδησαν.

94 1627 157 1691 καί
175 1631 283 1694 σιτίων
312 1632 371 1710 μὲν
393 1634 449 1693 καί
467 1632 533 1713 ,τῆς
555 1625 651 1715 άλλης
680 1635 857 1719 διατροφῆς
883 1635 928 1708 εἰς
950 1632 1044 1718 κόρον
1065 1654 1205 1714 μετακο-

94 1727 197 1813 μιδην
224 1727 414 1814 ἐποιήσαντο
444 1732 622 1816 (ἀφθονίαν
649 1735 709 1818 γὰρ
748 1729 869 1798 τούτων
899 1723 994 1816 εὐρον
1028 1737 1129 1799 ἐκεῖσε
1152 1729 1208 1797 καί

36 1844 83 1895 15
97 1826 186 1894 οἴνου
207 1857 238 1895 τι
257 1832 353 1913 μέρος
375 1836 430 1895 κατ’
449 1835 513 1896 τῶν
538 1831 774 1898 εὐτελεστάτων
796 1836 926 1919 εἰδῶν),
949 1836 1011 1898 τῶν
1033 1835 1067 1897 δέ
1089 1856 1203 1914 τιμιω·

94 1934 199 2016 τέρων
227 1929 385 2018 λαφύρων
408 1934 586 2016 α’πὲτυχον,
617 1934 838 2018 προλαβόντων
865 1937 929 1998 τῶν
957 1935 1117 2016 πολεμίοιν
1146 1937 1202 1996 κατ’

95 2037 386 2114 συσκευασαμένων
411 2035 492 2100 αὐτὰ
514 2041 589 2116 μεθ’
608 2031 731 2099 ἑαυτῶν
754 2038 787 2099 ἐν
809 2039 853 2121 τῷ
871 2035 1060 2119 ἀποδράναι.

119 2209 122 2216 ¹
201 2137 271 2198 Καὶ
297 2140 398 2200 ταῦτα
434 2139 493 2216 μὲν
521 2139 574 2200 ἐπί
604 2138 668 2219 τῆςν
687 2133 927 2217 μεχαλοπόλεως
960 2137 1101 2220 ἐκείνης,
1132 2129 1202 2217 ἥτις

9 2229 15 2238 “
98 2235 247 2318 α’μαχητί
271 2242 467 2321 κρατηθεῖσα
500 2236 618 2320 πολλὴν
656 2235 832 2321 εὐμάρειαν
863 2231 980 2302 δέδωκε
1008 2246 1073 2312 τοῖς
1104 2263 1205 2320 στρα-

41 2335 227 2411 2οτιῶταις
269 2336 346 2422 πρός
385 2337 441 2421 την
474 2341 574 2403 ἐκεῖσε
614 2338 794 2422 διαγωγήν,
826 2336 908 2422 πλην
953 2341 1046 2405 τινῶν
1074 2337 1202 2421 πύρχων

96 2431 326 2519 ὐψηλοτάτων,
359 2441 454 2522 τριῶν
487 2438 505 2524 ἦ
534 2435 711 2523 τεσσάρων,
740 2437 818 2503 ἔνθα
850 2442 1030 2525 Σαρακηνοί
1051 2438 1201 2519 α’νιόντες,

96 2536 229 2620 κοίτην
261 2531 372 2603 ἄνοδον
402 2536 444 2614 ῶς
474 2539 664 2625 στενόπορον
700 2541 931 2627 κατασχόντες,
961 2541 1201 2626 ἐφιλονείκησαν
1279 2536 1283 2545 “

169 2705 194 2758 7.
216 2706 281 2763 ὅσοι
298 2710 448 2777 interpres:
468 2709 498 2765 (λ.
523 2709 601 2767 ὅσαι.

96 2863 200 2917 Arabes
220 2872 308 2917 antem
321 2881 379 2917 cam
391 2866 484 2919 furcis
499 2867 586 2931 etiarn,
606 2868 650 2935 qui
661 2868 695 2920 iis
715 2869 834 2933 aderant,
851 2882 906 2922 non
921 2870 1025 2937 paucis,
1040 2867 1135 2937 quibas
1149 2868 1201 2920 im.

97 2934 209 3003 perabat
227 2937 269 2987 vir
287 2944 410 2993 strennuis
431 2946 457 2989 et
475 2954 560 3007 genus
579 2939 679 2990 iactans
701 2941 805 3007 regiam
825 2939 960 2993 ePerside
977 2941 1085 2991 nomine
1103 2942 1201 2992 Amer.

96 3007 179 3071 tikes,
200 3023 233 3058 ex
243 3006 390 3076 longinquo
404 3018 548 3077 sequentes
568 3018 595 3061 et
606 3010 682 3077 quasi
701 3008 833 3065 satellites
842 3026 872 3062 se
888 3017 1014 3079 gerentes
1032 3018 1078 3061 aut
1096 3013 1200 3061 iactan-

95 3079 151 3128 tiae
171 3092 251 3145 causa
271 3080 368 3130 circum
395 3089 541 3131 currentes.
563 3082 634 3132 circa
655 3097 797 3147 vesperum
818 3089 906 3131 autem
925 3088 1011 3131 castra
1031 3095 1134 3146 ponens
1153 3097 1202 3131 rex

97 3157 159 3199 ante
177 3149 334 3215 Hierapolin
354 3151 445 3202 urbem
466 3152 563 3203 fossam
582 3153 618 3203 ibi
640 3161 666 3202 et
684 3152 784 3203 vallum
810 3166 843 3201 ex
862 3151 1056 3202 consuetudine
1075 3151 1141 3202 fixit.
1164 3152 1202 3203 ita
1255 3147 1261 3157 ⁴

99 3228 188 3270 autem
207 3220 394 3287 impedimenta
408 3223 501 3275 Gracci
522 3224 627 3275 fortiter
647 3225 673 3273 in
694 3223 818 3274 tentoriis
829 3222 1005 3289 deponentes,
1025 3237 1113 3289 neque
1133 3238 1199 3273 vero

99 3300 241 3343 versantes
264 3293 291 3342 in
313 3292 353 3344 his
374 3296 525 3362 quicunque
554 3293 689 3346 laboribus
710 3293 874 3361 imperabant
902 3301 929 3344 et
948 3294 1033 3344 ordini
1053 3293 1198 3345 Armenio.

96 3378 164 3425 rum,
185 3364 311 3415 adversus
332 3365 422 3416 urbem
442 3366 557 3432 profecti
581 3375 660 3418 sunt:
682 3375 708 3417 ct
728 3365 940 3434 quandoquidem
960 3366 1123 3416 invenerunt
1142 3380 1199 3415 eam

95 3448 150 3483 non
178 3436 284 3495 omnino
310 3452 359 3502 per
379 3452 425 3489 eos
451 3439 496 3504 qui
515 3438 586 3490 intus
607 3446 683 3489 erant
701 3438 837 3489 defensam
870 3439 963 3505 (antea
983 3438 1053 3488 enim
1073 3436 1200 3488 Saraceni

60 3560 63 3567 ,
95 3513 168 3556 metu
190 3507 320 3558 adventus
339 3510 411 3576 regis
432 3508 520 3575 fugam
540 3518 668 3575 ceperant
691 3518 763 3561 trans
783 3507 944 3575 Euphratem
963 3507 1100 3575 fluvium),
1120 3506 1198 3558 celc-

96 3578 162 3628 riter
181 3586 271 3644 portas
291 3580 447 3646 frangentes
466 3580 536 3633 intus
556 3581 724 3633 insilierunt:
745 3589 825 3649 atque
845 3580 970 3631 frumenti
990 3587 1017 3629 et
1035 3578 1134 3645 reliqui
1155 3580 1199 3630 si-

96 3656 154 3701 ctus
173 3651 204 3702 ad
224 3651 373 3701 satietatem
393 3660 566 3702 commeatum
585 3653 647 3704 iude
665 3653 799 3703 fecerunt.
829 3653 932 3718 copiam
949 3651 1018 3701 enim
1038 3649 1132 3700 horum
1150 3666 1198 3701 re·

95 3729 223 3786 pererunt
241 3721 277 3771 ibi
308 3730 334 3773 et
362 3722 416 3773 vini
444 3730 544 3788 partem
565 3732 592 3774 ct
610 3724 800 3776 vilissimorum
821 3738 965 3792 generum,
986 3721 1085 3787 praeda
1111 3730 1198 3772 autem

59 3784 83 3809 ”
95 3792 180 3859 magis
205 3794 343 3845 aestimata
370 3795 540 3861 exciderunt,
567 3812 626 3845 cum
646 3795 738 3847 hostes
758 3810 815 3845 eam
834 3795 1047 3861 praeripuissent
1066 3801 1093 3845 et
1108 3809 1199 3846 secum

95 3872 248 3927 portassent
268 3865 437 3933 effugientes.
1047 3862 1053 3870 ⁶

193 3953 282 4020 Atque
305 3954 385 4005 ,haec
403 3954 524 4022 *quidem
557 3954 585 4003 in
617 3952 784 4021 illa0urbe,
815 3969 884 4021 quae
915 3954 974 4004 sine
1004 3969 1095 4022 pugna
1127 3956 1200 4006 victa

94 4023 201 4074 multam
229 4025 383 4077 facilitatem
411 4024 534 4093 praebuit
560 4021 689 4074 militibus
716 4025 747 4075 ad
773 4026 873 4076 victum
897 4026 924 4077 in
946 4041 978 4076 ea
996 4034 1088 4091 terra,
1116 4042 1199 4077 exee-

94 4095 146 4161 ptis
172 4094 309 4149 nonnullis
339 4098 454 4151 turribus
475 4095 629 4159 altissimis,
655 4095 739 4147 tribus
770 4106 815 4147 aut
840 4104 980 4165 quattuor,
1008 4099 1053 4151 nbi
1072 4098 1199 4153 Saraceni

95 4168 271 4221 ascendentes
291 4177 318 4221 et
331 4171 383 4222 iter
393 4178 422 4222 ut
433 4178 572 4237 angustum
590 4176 753 4237 occupantes
764 4176 949 4223 certarunaex
958 4173 1044 4240 patrio
1064 4185 1112 4223 suo
1124 4182 1198 4259 moqe
