2834 4750
231 260 305 337 uso
535 265 756 334 monemus
786 260 1073 331 ran-rauroranv
1389 282 1393 341 t

332 430 416 493 Ἐπεί
438 429 473 492 δὲ
495 430 551 510 τῆς
570 429 753 509 σωματικῆς
774 430 931 507 τιμωρίας
964 428 1137 509 ἐποιήσατο
1181 423 1341 507 πρόνοιαν

231 526 378 605 δεδωκιύς
398 528 511 609 καιρὸν
532 527 625 614 ὀργῇ,
649 517 973 627 καί.φιλανθρωπιάν
994 523 1208 610 συγκεράσας
1219 534 1292 599 τοῖς
1304 526 1351 587 α’ν.

230 633 403 713 θρωπίνοις
424 636 541 708 κακοῖς,
566 626 752 691 α’πεῖδεκαί
773 624 852 710 πρὸς
881 624 939 710 την
960 623 1272 706 ἒπεισκωμᾰσασαν
1304 624 1352 686 λύ.
1407 658 1408 673 1

162 790 166 793 .
229 756 294 816 μην
314 732 354 794 ού
374 726 435 812 πρύ
460 731 584 793 πολλῶν
605 726 727 793 τούτων
739 726 909 812 ἐνιαυτῶν,
930 730 984 793 καί
1001 731 1283 813 διαφθείρουσαν
1304 724 1354 809 τηί

229 832 319 911 τάξιν
340 834 396 914 τῆς
417 827 648 913 τῶνύπηκόωκ
669 834 816 906 πίστεως,
839 832 894 893 καί
915 826 1071 912 σύγχυσιν
1083 820 1173 915 αύτῇ
1197 829 1371 910 auperti-5

232 955 364 1016 ρουσςτν,
386 929 442 993 καί
462 930 521 1014 την
543 927 711 1011 βασιλικὴν
735 929 913 1013 ὑπηρεσίαν
934 934 980 1003 είς
1002 928 1146 1009 ἀπορίαν
1170 930 1234 992 καί
1256 952 1351 1013 φρον-
1407 962 1408 979 2

230 1031 304 1096 τίδα
325 1029 470 1112 χαλεπὴν
499 1026 763 1110 περιβάλλουσαν.
808 1031 861 1092 καί
880 1027 942 1113 γάρ
967 1029 1069 1112 ἔργοις
1103 1028 1223 1103 αὐτοῖς
1246 1052 1351 1108 μεμα-

233 1122 339 1215 θηκώς
360 1131 403 1205 ὥς
425 1131 465 1214 τῇ
490 1133 576 1216 κοινῇ
598 1125 695 1214 φύσει
717 1133 774 1192 τού
793 1127 871 1193 κακοὶ
898 1127 1008 1210 καιρὸν
1033 1133 1202 1210 βασιλέως
1214 1130 1353 1192 δουλεύ-

233 1255 321 1309 οντος
354 1233 410 1296 καί
436 1234 481 1316 τῷ
516 1233 573 1294 τού
596 1228 737 1312 μεγύλον
772 1234 930 1311 βασιλέως
953 1233 1007 1294 καί
1029 1231 1253 1312 δημιουργοῦ
1292 1234 1352 1291 τῶν
1407 1262 1408 1269 ³

232 1327 383 1398 ύπύνεων
410 1328 626 1415 προστάγματι
650 1332 712 1394 τῶν
743 1333 869 1395 ἐνθένδε
899 1318 1182 1410 μεθισταμένου,
1201 1332 1279 1395 ἀνθ’
1310 1323 1385 1396 duro

232 1427 370 1519 ὄφειλον
398 1431 414 1493 ὅ
442 1434 512 1512 μετ’
535 1430 634 1495 αύτύν
653 1430 805 1511 βασιλεύς
832 1431 907 1506 τούς
929 1432 1219 1517 εύαρεστὴσμντας
1240 1434 1351 1518 ἐκείνῳ

231 1538 331 1617 μέχρι
354 1532 480 1611 παντός,
502 1529 629 1614 κοίτην
651 1531 962 1615 εύγνωμοσύνηντῆς
985 1533 1131 1607 δουλείας
1157 1534 1352 1612 ἐνδειξαμὲ-
1407 1570 1408 1621 η

233 1656 306 1707 κους
329 1634 385 1695 καί
408 1628 443 1693 τύ
465 1634 522 1715 τῆς
544 1633 773 1717 παραστάσεως
797 1636 931 1713 α’κλινές,
953 1636 1008 1697 καί
1027 1632 1082 1696 τὸν
1106 1631 1270 1697 καύσωνα
1298 1635 1351 1713 τῆς

233 1730 356 1818 ἡμέρας
376 1736 432 1797 καί
450 1732 505 1796 τύν
528 1732 662 1815 παγετὸν
682 1737 738 1817 τῆς
760 1732 871 1807 νυκτός
900 1732 1139 1817 α’νατλησαντας
1169 1744 1245 1808 ταῖς
1268 1757 1351 1796 παν-

232 1833 342 1917 νύχοις
364 1833 419 1897 καί
436 1835 642 1917 πανημερίοις
664 1836 822 1920 φροντίσι,
845 1836 899 1917 τῆς
919 1836 1141 1918 προσηκούσης
1156 1832 1382 1918 κηδεμονίαςιῑ,

134 1926 138 1934 ’
233 1934 290 2000 καί
308 1938 526 2018 προσπαθείας
553 1938 729 2017 καταξιούν,
753 1939 808 1999 κατ’
831 1934 873 2009 ὦς
896 1932 1039 2018 α’γαθούς
1053 1934 1195 2008 δούλους
1221 1934 1280 1998 καί
1296 1922 1351 1997 ιιι-

234 2033 329 2110 στούς
350 2036 511 2115 εύποιεϊν,
540 2038 595 2099 καί
622 2033 678 2119 την
702 2034 806 2120 φλόγα
827 2040 882 2118 τῆς
906 2032 961 2098 τού
982 2034 1138 2099 δεσπότου
1163 2033 1350 2129 στερήσεως

233 2142 409 2219 βασιλικοῖς
431 2138 630 2219 καταψύχειν
651 2135 907 2221 φιλοτιμήμασι,
940 2138 994 2199 καί
1014 2133 1065 2199 ιύν
1085 2138 1212 2221 θρῆνον
1239 2136 1348 2199 adreio
1407 2196 1408 2209 ,

234 2244 418 2320 μεταποιεῖν
440 2240 486 2311 εἰς
510 2235 545 2301 τύ
568 2242 788 2320 χαριέστερον,
810 2236 914 2320 βαρύς
934 2238 1056 2315 μᾶλλον
1067 2236 1178 2311 αύτοῖς
1202 2236 1349 2321 ἀναφαί-
1407 2212 1408 2267 ¹

234 2361 335 2416 νεται,
356 2337 411 2402 καί
434 2346 503 2412 ταῖς
527 2340 652 2414 ούσίαις
674 2340 779 2404 αύτιόν
799 2345 923 2415 πολλοῖς
945 2335 1060 2422 ἱδρῶσι
1080 2339 1136 2402 καί
1152 2336 1382 2415 πόνοιςὲπι-ιο

236 2440 419 2522 κτηθείσαις
442 2437 641 2522 ἐπιβουλεύει
664 2443 875 2526 φιλοκερδεῖς,
906 2443 964 2503 καί
983 2463 1049 2504 ,που
1073 2441 1130 2503 καί
1152 2464 1248 2517 τινας
1275 2436 1350 2503 τού·
1407 2431 1408 2476 t

236 2564 299 2605 των
320 2539 509 2623 ὑπερορίους
531 2539 688 2624 ποιεῖ,μῆ
715 2542 754 2605 τὰ
778 2545 813 2605 ἐν
834 2545 908 2605 ποσί
928 2543 1084 2624 καθορῶν,
1106 2542 1162 2605 καί
1182 2539 1220 2604 τὸ
1245 2539 1349 2633 παρί-

238 2642 353 2724 δειγμα
378 2641 491 2718 δεδιώς
516 2641 560 2716 ὥς
581 2641 637 2706 καί
656 2645 702 2718 εἷς
724 2637 835 2724 αὐτόν,
854 2645 975 2723 μᾶλλον
997 2645 1033 2706 δὲ
1055 2641 1131 2717 τούς
1154 2642 1209 2705 ὑπ’
1235 2641 1348 2726 αύτύκ,

339 2955 480 3023 Postquam
504 2962 592 3006 autem
611 2958 732 3025 corporis
751 2971 855 3024 poenae
873 2959 1029 3025 prospexit,
1058 2957 1212 3008 concedens
1241 2964 1347 3027 tempus
1407 2953 1408 2956 '

238 3029 296 3080 irae
316 3036 344 3080 et
360 3027 549 3078 humanitatem
568 3028 716 3081 admiscens
732 3030 852 3080 humenis
873 3029 959 3092 malis,
978 3030 1111 3095 spectavit
1131 3029 1261 3080 etiamad
1282 3047 1347 3098 per.

238 3101 347 3164 uiciem,
368 3115 438 3167 quae
457 3106 577 3167 grassata
595 3109 653 3151 erat
670 3115 724 3150 non
742 3099 831 3151 multis
851 3109 913 3151 ante
932 3101 1009 3152 anuis
1029 3107 1055 3150 et
1073 3099 1202 3166 perdebat
1223 3103 1347 3152 ordinem

237 3172 301 3224 odei
318 3170 518 3234 subiectorum,
550 3179 577 3221 et
604 3172 788 3223 confusionem
817 3173 842 3237 ei
862 3172 1025 3222 admiscebat
1049 3179 1075 3220 et
1092 3172 1184 3237 regios
1203 3173 1347 3225 ministros
1407 3195 1408 3236 3

239 3245 268 3293 in
286 3241 479 3294 dubitationem
510 3250 537 3293 et
556 3259 645 3294 curam
664 3242 802 3294 difficilem
822 3244 956 3294 coniecit:
988 3243 1086 3294 etenim
1105 3243 1171 3308 ipsis
1190 3243 1275 3294 rebus
1298 3261 1347 3296 co.

237 3323 387 3383 gnorerat,
413 3314 544 3364 communi
562 3321 673 3365 naturae
698 3330 765 3383 rege
783 3315 945 3381 temporario
967 3315 1103 3366 serviente
1129 3322 1154 3364 et
1175 3330 1209 3364 ex
1229 3317 1346 3382 imperio

160 3390 165 3394 '
237 3387 326 3452 magni
345 3385 418 3453 regis
439 3393 466 3435 et
486 3387 616 3438 creatoris
637 3386 753 3436 omniurn
773 3385 841 3437 bano
857 3395 954 3437 terram
972 3385 1153 3452 relinquente,
1175 3402 1238 3436 cum
1259 3387 1344 3439 debe.

237 3464 279 3508 ret
298 3458 434 3524 proximus
462 3472 513 3506 rex
534 3465 625 3524 gratos
649 3457 690 3508 illi
711 3459 818 3509 omnino
839 3459 929 3526 etqui
949 3456 1046 3508 bonum
1069 3458 1183 3507 animum
1201 3459 1344 3510 servitutis
1407 3523 1408 3528 Ἰ

237 3529 413 3581 ostenderunt
432 3535 460 3578 et
477 3529 704 3592 perseverantiam
731 3531 863 3581 immotam
884 3538 910 3581 et
929 3536 1030 3580 aestum
1049 3528 1102 3578 diei
1131 3536 1158 3579 et
1184 3529 1272 3598 frigus
1292 3545 1343 3582 no-

236 3599 286 3650 ctis
306 3599 429 3666 perpessi
447 3607 509 3651 sunt
525 3602 662 3651 nocturnis
689 3608 717 3650 et
735 3602 837 3652 diurnis
864 3603 951 3666 curis,
984 3599 1181 3660 accommodata
1203 3603 1341 3652 curatione

237 3677 263 3722 et
281 3669 475 3723 benevolentia
502 3671 606 3738 dignari
635 3679 716 3738 atque
746 3680 776 3722 ut
806 3673 833 3723 in
851 3673 935 3724 bonos
953 3684 1047 3723 servos
1076 3679 1102 3721 et
1122 3671 1188 3723 fidos
1207 3673 1340 3724 beneficia

237 3743 363 3794 conferre
387 3750 414 3793 et
431 3741 559 3792 flammam
579 3742 727 3794 orbationis
747 3744 845 3794 domini
865 3745 948 3811 regiis
965 3740 1129 3808 refrigerare
1147 3742 1244 3808 donis,
1262 3753 1341 3811 atque
1407 3803 1408 3806 Ἴ

236 3814 443 3865 lamentationes
464 3827 555 3864 eorum
574 3822 683 3866 vertere
704 3816 732 3864 in
751 3816 860 3882 gratiss,
882 3831 939 3865 cum
959 3828 1068 3881 gravem
1089 3814 1174 3881 magis
1202 3815 1239 3866 iis
1258 3831 1341 3882 appa.

236 3900 298 3935 rere
317 3885 440 3938 ethonis
463 3898 554 3936 eorum
569 3885 654 3937 multo
673 3887 770 3938 sudore
791 3894 817 3937 et
835 3886 927 3937 labore
946 3879 1117 3952 recuperatrs'
1133 3885 1257 3937 rnsrdrarr
1276 3887 1342 3938 lucri

237 3963 425 4021 appetentem,
448 3965 528 4025 atque
555 3958 632 4008 etiam
662 3958 788 4025 quosdam
820 3956 913 4008 borum
942 3958 970 4006 in
1001 3956 1109 4007 exilium
1135 3955 1264 4022 mittere,
1291 3973 1341 4009 uon

237 4035 358 4097 prompta
387 4030 597 4095 conspicientem
618 4037 645 4080 et
671 4028 819 4095 exemplum
846 4030 1000 4091 timentem,
1021 4028 1098 4078 ctiam
1128 4029 1160 4078 ad
1179 4029 1269 4094 ipsum
1287 4045 1342 4080 mu.

238 4095 335 4164 aisque
363 4098 395 4149 ad
425 4098 559 4152 subiectos
590 4099 704 4152 relatum
730 4107 841 4167 aperte:
868 4099 919 4150 hoc
947 4097 1019 4150 clarc
1044 4115 1211 4168 cognoscens
1245 4101 1343 4152 studuit

237 4163 357 4221 morbum
378 4168 450 4220 bunc
470 4172 545 4222 utin
564 4173 646 4224 diram
665 4171 788 4238 agentern
809 4171 992 4224 difficultatem
1013 4173 1118 4235 sistere,
1139 4178 1164 4222 et
1182 4171 1275 4241 legem
1297 4187 1343 4242 op.
1407 4183 1408 4260 η

1401 4425 1408 4690 i
