2834 4750
264 220 338 350 σοι
563 232 780 306 arcelaus
804 177 1064 306 ammonas

263 399 420 482 παρόντος
449 398 698 482 κατορθώματος
728 399 971 485 ἐκπληττόμενος
999 397 1202 484 ἀσύγκριτον
1230 396 1362 483 ἔπαρσιν,

263 498 335 565 υἱόν
357 499 454 565 αύτόν
480 502 629 564 α’πεκόλτι
656 505 712 567 καί
738 506 833 583 μέλος
867 499 1053 582 ἴδιον,’καό
1072 498 1105 565 τό
1130 494 1241 582 ὄνομα
1264 498 1361 566 τούτου

264 598 318 664 όιοὶ
343 597 479 686 γλώττης
499 595 575 683 εἶχε.
593 604 647 667 κατ’
668 600 752 686 όροῖν
774 600 884 667 ἐπόθει
907 605 1113 683 τοῦτον,καὶ
1133 605 1253 666 ποθῶν
1272 604 1361 682 ἐτίμα,

159 703 167 710 ’
261 698 315 764 κατ’
337 700 521 766 πιστότατον
553 696 621 781 ἅμα
643 704 698 767 καί
721 701 913 767 οἰκειότατον
934 702 990 767 κατ’
1021 703 1229 786 στρατιώτην
1252 705 1360 766 α’κατα-

259 799 410 882 γώνιστον
430 793 496 883 εἶχε
515 805 570 866 καί
592 803 768 885 ι’λογιζιτο,
796 804 852 866 καί
882 804 1096 885 όιαλλακτῆρα
1121 804 1189 866 τών
1212 807 1377 885 μεγιοτων5

259 899 409 981 καμοῖτων
431 900 486 966 κατ’
504 904 649 983 πολέμων
670 906 792 968 ἐτίθετο
815 903 959 988 α’σφαλῆ,
980 902 1023 978 ώς
1042 905 1080 990 τῇ
1101 905 1275 990 παρουσίᾳ
1294 903 1358 966 τού.

257 1025 311 1066 τοο
333 999 514 1086 φευγόντων
534 1005 597 1067 τών
621 1005 771 1068 ἐναντίων
796 1004 852 1068 κατ’
871 1008 956 1068 νῶτα
979 1002 1129 1067 διδόντων
1145 1004 1272 1081 ,ου’θύς.
1294 997 1358 1066 όθεν

258 1104 314 1165 κατ’
331 1099 391 1166 σύν
414 1103 502 1190 αύτῷ
527 1105 587 1182 μὲν
613 1102 669 1166 κατ’
690 1108 736 1191 τῷ
765 1103 865 1186 πατρό
883 1099 940 1187 τήν
969 1101 1047 1166 κατό
1077 1106 1143 1166 τών
1166 1103 1358 1187 Βουλγόρων

197 1209 201 1215 '
257 1195 356 1286 ἤρατο
379 1200 485 1288 νόκην,
507 1207 636 1286 καὶτῆς
660 1208 863 1286 Βουλγαριάς
890 1203 1189 1287 όυσκαταμαχὴτου
1214 1203 1274 1266 κατ’
1289 1213 1357 1268 πολ-

256 1306 312 1388 λῆς
332 1302 388 1367 καί
408 1304 592 1370 όνσαλώτοο
615 1308 844 1389 γινωσκομένης
864 1303 1058 1384 παντάπασι,
1082 1308 1138 1368 καί
1159 1303 1287 1389 μηδενὶ
1303 1297 1387 1372 adsit

255 1406 414 1485 βασιλέων
437 1395 646 1488 ύποτύγοόσης
665 1404 719 1468 ἐπὶ
739 1400 830 1484 πολύ,
849 1408 905 1468 καί
924 1401 1010 1486 παρύ
1033 1408 1126 1468 τούτο
1149 1399 1198 1486 μὴ
1224 1403 1357 1487 ἀνιείσης

255 1505 295 1588 τῇ
318 1504 483 1590 Βύζαντος
517 1502 550 1568 τό
571 1499 722 1585 ύνὲσιμον
752 1503 806 1568 κατ’
824 1503 880 1587 τὴν
897 1505 1053 1587 χορηγιάν
1083 1506 1147 1567 τῶν
1167 1503 1357 1587 ἀναγκαίων,

254 1604 407 1684 λαμπρῶς
425 1606 481 1666 καί
502 1601 561 1669 σύν
579 1609 679 1691 πολλῇ
709 1611 747 1692 τῇ
768 1602 957 1691 α’κμαιότητι
987 1598 1179 1688 ἐκυρίευσε·
1228 1609 1287 1670 καί
1305 1630 1357 1667 κα-

254 1704 344 1785 τέστη
374 1703 412 1789 τῇ
434 1702 601 1783 Ῥωμαίων
628 1705 775 1794 βασιλεία
803 1703 882 1788 πρὸς
904 1697 1044 1787 ἑσπέραν
1070 1705 1103 1766 ἐν
1123 1707 1292 1794 ου’πραγίρι
1310 1708 1358 1768 καὶ

253 1800 373 1891 γαλήνη
393 1801 431 1868 τό
446 1802 637 1897 πράγματα,
659 1808 715 1868 καί
734 1807 803 1869 α’ντί
823 1806 878 1887 τῆς
911 1807 985 1888 πρόν
1008 1803 1286 1893 ἒνόειάςόατμιλῆ
1306 1805 1356 1890 την
1364 1826 1388 1876 15

253 1903 415 1987 α’φθονόαν
437 1903 492 1968 κατ’
513 1902 567 1988 την
595 1905 765 1990 ιύκληρόαν
786 1903 934 1986 ιύθύμως
958 1891 1141 1990 α’πείληφτν.

348 2003 419 2068 'Eut'
439 2006 473 2069 ύὲ
494 2009 548 2088 τῆς
569 2002 652 2080 ἓώας
684 2009 927 2087 όιακοκωμένοον
958 2008 1020 2069 τών
1042 2007 1213 2087 Ἀβασγών
1233 2011 1294 2071 καί
1307 2007 1359 2072 όν-

252 2103 457 2182 τιδοξούντων
492 2110 535 2191 τῷ
563 2112 693 2189 βασιλεῖ
717 2110 772 2170 κατ’
791 2109 966 2191 προφανῶς
994 2106 1216 2188 οἷνταιρόντοον
1241 2109 1358 2192 (ἐθάρ-

254 2225 331 2328 ρουν
356 2202 416 2322 γὰρ
447 2205 487 2267 ου’
516 2231 556 2295 τῳ
586 2207 701 2290 πλήθει
728 2205 844 2287 μόνον,
866 2207 952 2270 α’λλοὶ
984 2210 1038 2270 κατ’
1067 2213 1132 2280 τοῖς
1160 2211 1227 2271 τιύν
1258 2201 1360 2273 οπλοον

253 2302 474 2425 ἷοχυροτότοις
500 2305 739 2391 προβλημαοιν,
770 2306 813 2385 df
840 2306 885 2392 μὴ
910 2304 1044 2384 ἑαυτούς
1075 2304 1174 2387 μόνον
1197 2308 1286 2373 α’λλοὶ
1307 2312 1389 2385 auita

251 2402 328 2481 τούς
370 2408 486 2483 ἵππους
529 2396 825 2492 τεθωρακισμένους
858 2434 910 2473 και
947 2409 1109 2490 ἀτρώτους
1151 2411 1358 2494 πανταχόθεν

251 2498 576 2595 περικαλύπτοντες),
610 2508 705 2573 πόλιν
745 2509 843 2585 αύτός
878 2510 895 2574 ό
929 2512 1142 2593 Βοτανειοίτης
1175 2535 1355 2596 πρωταγω-

251 2606 359 2691 νιστής
382 2614 437 2673 κατ’
462 2608 629 2694 πρόμαχος
659 2610 845 2696 ἐγνωρίζοτο
876 2610 1008 2677 καὶτοῦ
1037 2613 1231 2694 κρατοῦντος
1255 2612 1356 2697 ύπέρ-

250 2924 403 2980 aomeuque
423 2910 528 2966 huins'
520 2929 548 2967 m
568 2930 615 2967 ore
634 2914 767 2981 habebat,
787 2922 815 2967 et
832 2915 926 2969 videns
944 2911 1075 2981 diligebat
1091 2912 1164 2965 hune
1188 2919 1223 2966 et
1222 2913 1354 2997 diligens

251 2982 399 3035 honorabat
418 2992 444 3036 at
462 2985 630 3038 fidelisimum
649 2987 728 3039 simul
759 2953 788 3039 ’et
816 2987 1006 3039 deditissimum
1031 2994 1058 3036 et
1081 2984 1194 3037 militem
1220 2986 1354 3038 inuictum

249 3053 363 3107 babebat
391 3062 418 3107 et
441 3056 574 3110 iudicabat
605 3066 631 3109 et
657 3060 784 3111 arbitrum
816 3060 988 3109 maximorum
1015 3056 1137 3108 laborum
1161 3054 1354 3125 bellorumque.

250 3126 430 3179 constituebat
448 3138 571 3193 certum,
600 3132 698 3197 quippe
726 3132 801 3181 cuius
822 3130 974 3194 praesentia
999 3128 1124 3195 lugerent
1142 3127 1295 3179 adversarii
1328 3137 1353 3178 et

248 3206 325 3265 terga
344 3200 437 3250 darent
455 3200 549 3252 illico·
576 3216 658 3268 quare
678 3203 757 3254 etiam
778 3216 836 3251 cum
855 3214 887 3250 eo
908 3207 935 3250 et
952 3207 1027 3265 patre
1046 3198 1079 3249 de
1097 3196 1221 3265 Bulgaris
1251 3214 1352 3265 tepor.

247 3270 316 3321 tarit
333 3270 490 3322 victoriam.
514 3280 541 3322 et
559 3272 721 3339 Bulgariae‚
741 3287 810 3355 quae
829 3270 1020 3339 impugnabilis
1040 3277 1066 3319 et
1085 3284 1181 3335 magna
1201 3276 1228 3320 et
1248 3271 1352 3321 invicta

248 3340 395 3391 habebatur
414 3342 521 3393 omnino
541 3358 629 3410 neque
648 3342 698 3394 ulli
716 3344 776 3409 regi
794 3342 953 3409 plerumque
977 3340 1098 3393 subiecta
1116 3347 1173 3390 erat
1192 3348 1218 3390 et
1237 3349 1351 3407 praete-

248 3427 294 3463 rea
311 3427 365 3463 non
385 3412 548 3465 concedebat
566 3414 698 3480 Byzantio
721 3414 906 3465 remissionem
925 3420 951 3463 et
978 3417 1152 3463 commeatum
1181 3426 1270 3461 rerum
1295 3428 1348 3462 ue.
1371 3468 1376 3478 1

247 3484 433 3548 maseriarum,
453 3483 592 3550 splendide
614 3492 640 3535 et
657 3484 741 3536 multo
766 3501 825 3536 cum
852 3485 951 3537 robore
976 3483 1096 3534 dominus
1130 3482 1296 3547 satiamus,
1322 3491 1350 3533 et

248 3555 412 3621 compositae
434 3563 509 3606 arant
526 3556 730 3608 Romanorum·
723 3556 834 3623 imperio
855 3569 949 3608 versus
975 3552 1167 3605 occidentem
1159 3568 1188 3604 m
1216 3552 1349 3604 felicitate
1399 3579 1401 3590 ν

246 3634 275 3677 et
292 3626 487 3693 tranquillitate
506 3641 565 3679 res·
585 3636 664 3696 atque
682 3642 731 3694 pro
751 3629 842 3694 priore
862 3628 953 3694 inopia
972 3625 1077 3692 plenam
1104 3624 1293 3676 abundantiam
1323 3632 1350 3674 et

246 3697 377 3750 fortunam
394 3699 464 3750 bono
484 3700 572 3750 auimo
598 3706 812 3766 reportaverunt
886 3735 891 3739 ·

343 3785 374 3837 ln
393 3789 497 3838 oriente
516 3795 604 3838 autem
624 3788 745 3839 excitatis
766 3786 881 3854 Abasgia
902 3796 928 3838 et
952 3786 1011 3853 regi
1036 3785 1240 3837 adversantibus
1266 3792 1350 3851 atque

245 3853 317 3906 clare
337 3858 526 3911 resistentibus
546 3857 730 3926 (confidebant
749 3859 817 3909 enim
837 3874 891 3910 non
911 3858 997 3909 solum
1014 3855 1188 3919 multitudini,
1207 3857 1349 3908 sedetiam

202 3974 205 3983 ,
245 3938 376 3977 armorum
394 3930 550 3981 firmissimis
569 3930 719 3995 praesidiis,
738 3937 831 3996 utpote
848 3944 904 3980 non
924 3928 1010 3981 solum
1028 3942 1059 3980 se
1087 3929 1160 3993 ipsos
1191 3927 1238 3979 sed
1266 3926 1350 3976 etiam

245 4008 328 4061 equos
347 3996 473 4051 loricatos
496 4009 522 4050 et
541 4001 682 4053 vulnerum
702 4008 825 4067 expertes
844 4001 962 4067 undique
982 4002 1144 4067 tegentes),
1164 4012 1257 4049 rursus
1287 3998 1349 4062 ipse

218 4096 223 4109 ι
245 4065 400 4117 Botaniates
419 4072 560 4133 primarum
579 4074 693 4139 partium
712 4073 837 4128 defensor
858 4082 885 4123 et
903 4078 1087 4139 propugnator
1112 4068 1348 4136 conspiciebatur,

246 4141 273 4188 et
290 4136 458 4206 imperatoris
478 4152 613 4207 patronus.
653 4159 712 4195 cum
732 4146 801 4195 enim
819 4160 867 4196 rex
885 4142 935 4195 illo
954 4152 1075 4209 tempore
1094 4142 1227 4193 exercitus
1245 4140 1349 4193 liuma-
