2834 4750
232 224 310 303 νδλ
522 216 744 293 Etcum
774 220 1036 293 t‘t'rntto't'dtt

232 396 334 483 βάται
352 399 416 460 tois
435 384 538 475 ὅρκων
558 392 614 453 καί
634 390 700 451 τόν
720 375 889 471 σονθητιύν
909 388 1141 472 ἐχρημάτισαν.
1188 382 1270 453 α’λλ)
1297 382 1355 454 ού·

233 522 287 574 τος
320 498 459 583 α’τρέστηι
489 495 545 555 καί
571 487 699 573 εύγενεί
715 493 757 577 τῷ
781 487 984 575 φρονήματι,
1006 492 1046 576 τῇ
1074 494 1151 579 θείςι
1181 488 1296 579 ψήφῳ
1319 491 1355 557 τό
1400 570 1401 577 ,

234 598 303 665 κατ’
324 596 424 661 αύτόν
447 596 641 674 ἐπιτρέψας,
664 589 782 655 αύδένα
804 590 896 670 λόγον
919 586 1039 654 τούτων
1061 596 1251 674 senatun,
1274 592 1357 655 άλλά
1400 582 1401 585 ¹

233 693 409 783 συμβαλών
437 692 498 768 τός
529 696 681 776 πονηρίας
703 694 758 755 καί
779 694 975 767 ἀτασθαλίας
998 693 1122 772 αύτοόν,
1143 692 1204 755 καί
1224 692 1274 770 ὥς
1298 682 1360 755 άλ-

234 808 298 875 λως
321 799 458 872 Ἁλαίας
477 799 532 859 καί
551 796 741 876 λωβητῆρας
760 788 915 871 εύθύμοσς
934 789 1059 867 τούτοις
1079 794 1381 875 άποσεισάμενος,5

123 886 129 900 ⁸
201 942 206 947 Δ
234 904 287 967 ἵνα
307 896 351 982 μη
382 893 612 979 καυχήσωνται
634 895 861 974 συμβαλέσθαι
882 890 984 981 ταύτην
1011 892 1093 971 πρός
1120 891 1158 955 τό
1184 898 1358 977 πρακειμε·

234 1026 288 1068 νον
314 1000 509 1077 σπούδασμα
540 997 595 1059 καί
627 994 687 1076 τήν
717 997 771 1077 τῆς
793 997 961 1074 βασιλείας
983 991 1155 1075 ἀνάβασιν,
1181 996 1244 1059 καί
1265 998 1361 1061 αύτοί

166 1148 175 1159 ,
234 1101 293 1176 τάς
314 1101 498 1182 εὐεργεσίας
518 1092 655 1172 άναξίοος
675 1098 891 1175 κομίσωνται,
914 1096 971 1175 τῆς
991 1092 1183 1173 ὁδοιπορίας
1206 1096 1362 1179 ἆπάρχε.

234 1226 297 1267 ται.
340 1197 372 1263 οἱ
393 1200 425 1261 δ’
447 1194 685 1283 ἐφεδρεύοντες,
709 1198 821 1258 πολλοί
843 1193 899 1257 καί
915 1191 1120 1277 πανταχόθεν
1139 1200 1359 1279 συρρέοντες,

235 1303 377 1387 (ἐρύοντο
395 1300 463 1379 ’μὲν
493 1298 536 1372 σός
570 1296 705 1377 σκύμνοι
737 1298 793 1359 καί
824 1293 1047 1359 καθυλάκτουν
1078 1296 1125 1371 οἱς
1157 1295 1287 1377 κύνες,
1315 1301 1390 1375 siglo

238 1412 351 1487 χεῖρας
385 1402 421 1463 δὲ
449 1399 551 1487 ταύτην
581 1400 688 1461 ἐλθεῖν
723 1396 778 1459 καί
805 1388 943 1477 πόλεμον
973 1396 1132 1480 σορρόξαι
1170 1395 1278 1487 φόβην
1308 1398 1360 1468 καί

171 1574 174 1581 Ι
236 1504 335 1588 φρίκη
359 1501 564 1585 συνείχοντο,
597 1500 698 1561 καίτοι
722 1495 870 1570 πολλάκις
899 1500 945 1571 εἰς
965 1496 1060 1559 τούτο
1080 1502 1278 1582 μεταβῆναι
1300 1522 1358 1578 με.

235 1597 473 1680 τακαλούμενοι.
530 1602 601 1663 αλλ’
627 1593 734 1681 ὥσπερ
762 1599 816 1661 ἐπί
844 1600 908 1660 ruis
931 1597 1137 1681 Ἰσραηλιτῶν
1158 1602 1356 1683 γέγραπται,

236 1704 290 1785 τῆς
320 1703 463 1784 ἐρυθρᾶς
498 1703 672 1784 τμηθείσης
708 1696 874 1781 θαλάσσης
904 1700 1053 1781 α’βρόχας
1086 1697 1213 1775 αύτούς
1242 1703 1356 1765 διαπε-
1400 1780 1401 1791 ,

239 1803 422 1888 ραιωθῆναι
457 1799 507 1863 διό
529 1802 645 1884 ξηρός,
677 1800 721 1875 ὥς
743 1803 867 1883 τείχους
887 1802 922 1864 ἐκ
951 1801 1063 1878 διξιοῖν
1085 1799 1141 1864 καί
1163 1802 1303 1884 τείχους
1326 1803 1354 1881 ἐξ
1362 1819 1401 1891 152

236 1902 407 1983 εύανύμισν
438 1901 608 1983 ἱσταμένου
630 1904 685 1965 τού
708 1897 840 1978 ύδατσς,
875 1897 978 1975 σύτονς
1010 1902 1151 1965 ἐνταῦθα
1177 1906 1351 1994 τεθαυμα-
1400 1984 1401 1987 ¹

236 2002 426 2088 τούργηται·
482 2000 527 2077 τός
559 2001 620 2085 γάρ
658 1997 764 2088 ῥεῦμα
801 1999 1002 2085 πανταχόθεν
1033 2005 1269 2085 συντρέχοντες
1301 2010 1353 2069 καί
1400 2022 1401 2077 3

236 2100 638 2187 uopcrstxt'cosrsc[arirda
659 2099 690 2166 οἱ
711 2104 855 2183 πολέμιοι
884 2106 1011 2183 ψαύσαι
1034 2102 1148 2167 τούτου
1175 2106 1236 2168 καί
1257 2106 1352 2171 πόλι·

166 2212 169 2220 “
236 2227 298 2285 μον
319 2207 484 2286 θαρρῆσαι
516 2203 574 2291 cdx
596 2202 836 2287 άπετόλμησαν,
865 2206 899 2267 ἐν
922 2202 1075 2284 ὁμοιώσει
1097 2205 1133 2269 δὲ
1155 2203 1351 2292 δορυφόρων
1400 2268 1401 2277 ,

239 2303 296 2380 τάς
317 2302 536 2386 παραπομπάς
570 2303 767 2389 ἐπεποίηντο.
810 2299 877 2370 ὅσοι
905 2306 941 2370 δὲ
962 2300 1193 2389 πολεμήσοντες
1218 2297 1382 2389 ἦλασαν,νο

207 2447 212 2454 »
238 2399 260 2491 ἢ
281 2406 446 2479 πίπτοντες
467 2407 598 2489 οἰκτρῶς
619 2406 675 2488 την
697 2404 810 2488 ψυχὴν
831 2403 1040 2488 ἐπεβάλοντο,
1067 2399 1163 2490 ἢτην
1186 2398 1288 2490 ἧτταν
1310 2404 1348 2483 αἱς
1400 2409 1401 2412 ’

238 2508 272 2587 ἐξ
291 2506 543 2591 άκαταμαχὴτου
565 2506 733 2587 δυνάμεως
754 2508 937 2588 ἀνελόμενοι
968 2508 1072 2572 ούκέτι
1092 2510 1256 2591 δεντέρανς
1275 2505 1346 2572 ἐπι-

168 2619 180 2636 ¹
237 2616 358 2690 χιιρεϊν
381 2606 585 2690 ἐδοκίμασαν.
644 2609 732 2672 πάσα
766 2608 801 2675 δὲ
825 2605 915 2684 πόλις
945 2606 1157 2694 ἐπερχόμενον
1191 2608 1294 2676 sorta
1315 2611 1347 2674 ἐν

309 2765 336 2816 5.
353 2761 493 2826 τούτουςλ
580 2768 624 2821 22.
646 2769 789 2842 δευτέροις
807 2767 837 2823 (i.

238 2914 411 2968 iurandorum
429 2921 457 2966 et
473 2915 627 2982 pactionum
645 2917 710 2970 facti
727 2925 796 2970 suut.
834 2917 882 2969 sed
898 2915 943 2969 lnic
958 2916 1091 2984 intrepido
1109 2924 1137 2968 et
1151 2916 1240 2969 debili
1257 2919 1343 2970 animo

239 2987 331 3040 divino
352 2987 479 3056 suffragio
498 3002 542 3040 res
562 3003 625 3042 suas
641 2989 762 3042 tribuens
781 2987 882 3040 nullam
901 2988 1032 3040 rationem
1052 2988 1148 3040 horum
1167 2987 1276 3040 hahuit:
1298 2993 1343 3042 sed

239 3058 382 3112 conferens
401 3060 560 3127 pravitatem
579 3068 606 3111 ct
624 3062 735 3113 iniurias
756 3075 847 3122 corum
867 3067 894 3111 et
912 3075 942 3112 se
960 3059 1044 3111 malos
1063 3061 1195 3124 vinitores
1230 3068 1259 3112 et
1286 3068 1342 3114 tur.

237 3147 286 3199 pes
304 3131 376 3183 bono
396 3133 483 3183 animo
505 3133 666 3196 excussisse,
684 3147 720 3182 ne
745 3133 927 3201 gloriarentur
953 3131 1016 3182 huic
1041 3132 1189 3183 convenire
1216 3133 1250 3185 ad
1277 3149 1342 3199 pro.

237 3203 353 3271 positum
371 3204 484 3255 studium
506 3210 533 3253 et
555 3204 740 3256 ascensionem
759 3204 837 3271 regui
857 3203 945 3268 stipsi
964 3202 1096 3254 beneficia
1114 3203 1226 3270 indigne
1245 3219 1341 3270 repor.

238 3281 338 3338 tarent,
359 3275 410 3325 iter
429 3274 540 3339 incipit:
560 3275 717 3326 insidiantes
739 3283 837 3338 autem,
858 3275 902 3342 qui
921 3274 998 3324 multi
1019 3281 1093 3324 crant
1105 3281 1131 3324 et
1143 3275 1340 3342 undiquecou.

237 3343 365 3408 fluebant,
385 3343 524 3394 ululabant
548 3351 672 3412 tanquam
697 3346 779 3398 catuli
806 3354 832 3398 et
856 3344 989 3396 latrabant
1018 3353 1047 3395 ut
1073 3360 1171 3397 canes:
1201 3349 1339 3413 quominus

239 3425 326 3468 autem
346 3417 378 3466 ad
396 3430 488 3465 manus
509 3413 571 3465 huic
590 3418 715 3468 venirent
736 3425 762 3468 et
780 3417 882 3469 bellum
902 3423 1092 3480 consererent,
1120 3424 1193 3467 metu
1221 3425 1249 3467 et
1276 3417 1338 3470 hor.

238 3501 301 3539 rore
320 3485 513 3554 retinebantur,
531 3483 597 3537 licet
617 3503 698 3555 saepe
717 3488 750 3539 ad
768 3488 821 3539 hoc
839 3488 953 3539 transire
974 3488 1098 3538 excitatis
1117 3487 1165 3539 sed
1183 3496 1213 3538 ut
1238 3490 1271 3542 de
1295 3490 1338 3540 ln.

241 3560 314 3610 dacis
333 3559 461 3624 scriptum
483 3564 532 3619 est,
551 3558 631 3609 rubro
650 3561 716 3610 mari
736 3559 823 3612 diviso
843 3560 930 3611 siccos
950 3573 996 3610 eos
1015 3559 1153 3623 transiisse
1173 3562 1336 3625 peraridum

239 3645 315 3680 muro
334 3638 350 3680 a
369 3629 462 3680 dextro
484 3636 603 3680 otmaro
623 3646 639 3680 a
659 3631 767 3682 sinistro
787 3631 906 3682 adstante
927 3645 1022 3698 aquae,
1042 3629 1081 3681 ita
1099 3629 1143 3680 hic
1174 3629 1264 3681 simile
1289 3633 1337 3682 mi-

240 3700 359 3752 raculum
381 3701 478 3753 lactum
498 3708 559 3752 est:
578 3708 608 3752 ut
629 3702 698 3751 euim
717 3702 802 3754 amuis
823 3703 940 3768 undiquc
961 3707 1154 3752 concurrentes
1172 3710 1200 3754 et
1225 3702 1337 3754 circum.

239 3771 373 3823 vallantes
393 3787 453 3822 eum
472 3769 563 3823 hostes
582 3780 694 3839 augere
713 3773 784 3842 huuc
804 3781 831 3825 et
857 3770 959 3823 bellum
984 3771 1074 3824 subire
1097 3787 1151 3822 non
1178 3781 1242 3824 sunt
1268 3776 1336 3826 ausi:
1400 3817 1401 3834 2

240 3842 414 3894 similitudine
434 3850 521 3892 autem
541 3842 686 3895 satellitum
705 3846 857 3895 comitatum
877 3843 1018 3894 feceruut:
1039 3844 1191 3910 quicunque
1211 3852 1297 3896 autem
1307 3846 1335 3896 ad
1400 3859 1401 3864 ¹

239 3910 392 3964 bellandum
411 3913 527 3980 proiecti
548 3922 638 3977 erant,
663 3924 709 3966 aut
733 3917 859 3968 cadentes
885 3916 983 3966 misere
1009 3915 1090 3966 vitam
1115 3914 1271 3967 amittebant
1295 3923 1336 3966 aut

242 3980 344 4031 cladem
363 3991 393 4034 ut
412 4001 445 4035 ox
464 3985 566 4036 invicta
585 3987 705 4052 potentia
723 3987 845 4054 perpessi
863 3999 918 4038 uon
937 3987 988 4036 iarn
1006 4000 1096 4037 rursus
1116 3986 1228 4053 aggredi
1239 3994 1335 4040 statue-

242 4059 321 4104 runt:
340 4053 420 4104 urbes
440 4063 528 4106 autem
549 4071 642 4109 omnes
660 4058 847 4111 advenientem
868 4057 972 4108 eumin
992 4055 1047 4108 alto
1069 4065 1095 4108 et
1120 4056 1212 4109 divino
1240 4054 1334 4109 lu'certo

243 4121 362 4175 lilrentcr
385 4129 412 4173 ct
430 4125 513 4178 natta
533 4142 593 4178 cum
616 4126 696 4181 laude
728 4136 754 4181 et
779 4127 938 4183 clamoribus
970 4125 1147 4198 excipiebant.
1184 4129 1334 4182 mercenarii
