2834 4750
509 209 717 279 utsaomn.
822 167 867 253 '.
1030 152 1032 157 ⁵
1119 206 1168 277 το
1235 173 1238 177 ’

52 375 227 458 τύραννον,
251 370 470 446 πυκνώσαντες
492 368 550 448 τάς
564 372 701 447 ἀσπίδας
724 367 755 436 οἱ
776 370 852 456 περί
869 373 923 438 τὸν
946 376 1094 454 βασιλέα,
1116 370 1172 436 καί

53 471 120 548 τάς
141 469 261 554 αἰχμάς
286 472 535 556 ἀντιστήσανττς,
557 463 641 546 adam
663 471 720 556 τήν
738 469 855 558 ἔφοδον
874 475 1062 556 ἐξεδέχοντο,
1084 479 1168 557 βρα-

55 581 134 657 χεῖς
151 574 210 654 μέν
225 565 309 648 ὄντες
330 577 385 639 καί
398 574 480 656 μηδὲ
502 571 581 657 πρὸς
600 569 634 636 τά
660 572 836 639 πολλοστὸν
857 577 910 658 τῆς
925 575 1045 639 ἐκεινου
1070 599 1169 657 στρα-
1195 564 1199 570 ’

54 674 134 747 τιάς
157 668 384 752 ἀποσώζονττς,
406 668 435 735 οἱ
458 671 586 747 πλείους
610 673 639 735 d’
661 673 769 738 αάτάν
792 674 1044 757 α’πιιροπόλτμοί
1060 679 1168 750 τέκοι·

26 769 243 854 ὅξάγκλυδτς,
268 771 452 840 πίσυνοιάὲ
481 773 525 858 τῇ
551 770 796 861 ἀποτοιχιζοάση
829 770 943 860 τάφρῳ
972 777 1170 850 καθεστῶτες

54 870 138 946 τούς
172 869 350 948 ἐναντίους·
401 869 564 954 ἀρθέντων
598 865 655 936 οὖν
683 875 745 936 τῶν
773 874 911 958 σημείων
945 873 979 938 αἱ
1009 872 1170 958 φάλαγγες

55 969 269 1055 ἀνεφάνησαν
283 970 474 1056 στοιχηάάν,
498 968 611 1051 οἱμὲν
636 971 911 1057 προποριυόμτναι
943 973 997 1056 τής
1029 973 1170 1037 ἀποστα-

54 1071 151 1154 τικής
182 1073 378 1156 παρουσίσις,
412 1069 445 1136 αἱ
470 1073 505 1136 δέ
526 1072 587 1136 τῶν
611 1067 751 1156 κεράτων
771 1071 977 1158 ἐξηρτημέναι
1000 1073 1056 1160 καί
1075 1065 1169 1138 άλλαι
1205 1105 1209 1114 ·

55 1171 115 1253 τής
151 1167 305 1256 οάρυχίας
336 1173 504 1254 ἐχόμεναι,
537 1173 596 1249 ἕως
626 1167 773 1238 ἀπέναντι
803 1174 859 1257 τής
897 1173 1024 1270 τάφρου
1055 1199 1171 1240 cune-

11 1277 46 1331 10
55 1275 218 1354 ταγμὲνας
257 1272 315 1347 τάς
358 1272 510 1354 δυνάμεις
543 1270 728 1356 ἐστήσαντο.
783 1267 851 1339 εἶτα
880 1276 970 1357 σιγῆς
1002 1277 1170 1360 γενομένης

56 1371 294 1455 ἀκροβολισμοὶ
325 1370 360 1438 τά
398 1375 524 1458 πρῶτον
559 1376 718 1457 ἐγίνοντο,
752 1372 807 1438 καί
843 1377 1016 1440 πελτασταί
1045 1375 1170 1460 σπορά..
1247 1403 1255 1413 „

61 1475 119 1547 δες
144 1474 176 1550 ἐξ
197 1464 346 1557 ἑκατέρου
374 1477 494 1558 μέρους
523 1469 669 1555 ἀλλήλοις
697 1476 902 1554 συνέπιπτον,
930 1471 986 1538 καί
1007 1469 1094 1539 οὕτω
1114 1479 1170 1560 τής

56 1573 170 1655 μάχης
202 1570 281 1636 κατά
303 1571 418 1658 μικράν
447 1573 663 1658 ἀναπιομέυης
692 1571 823 1639 ἱππόται
844 1582 911 1653 τοῖς
937 1576 995 1639 τοῦ
1013 1579 1171 1656 βασιλέως

56 1672 170 1750 πεζοῖς
200 1677 264 1746 τοῖς
286 1672 372 1748 ἀκτάς
403 1675 459 1738 τοῦ
485 1676 630 1759 χάρακος
660 1675 905 1759 προσπηδήσεται
936 1672 993 1750 τάς
1012 1679 1170 1757 σαρίσσας

15 1779 47 1836 15
57 1774 229 1858 ἐπέφερον.
282 1765 352 1837 εἶτα
378 1773 475 1860 μοῖρά
497 1797 545 1850 τις
575 1777 797 1860 ἀποτμηθεῖσα
831 1778 886 1840 καί
906 1778 1169 1860 τοῖςἈχαρηνοῖς

56 1873 115 1938 έπί
139 1875 286 1952 μέτωπον
307 1881 524 1959 προαχθιῖσοι,Ι
540 1878 595 1940 καί
616 1873 708 1954 δόξαν
732 1881 958 1959 παρασχομένη
972 1878 1089 1962 φυχής,
1113 1878 1169 1960 τής

58 1974 182 2046 οἰκείοις
202 1972 344 2050 στάσεως
366 1975 407 2051 ὥς
427 1974 598 2051 διώκοντας
621 1974 739 2051 αάτοάς
750 1974 986 2060 μετεστήσατο·
1032 1978 1088 2040 καί
1108 1999 1170 2040 τα·

56 2075 144 2156 χέισς
159 2078 411 2159 μιταστρέιμασα
442 2076 516 2154 τούς
539 2073 697 2163 ῥυτῆρας,
718 2079 764 2151 εἰς
793 2079 892 2158 μέσον
912 2078 1042 2152 τούτους
1060 2079 1169 2142 συνέκ-

59 2179 159 2256 λεισε,
183 2172 238 2238 καί
259 2171 495 2260 φόνοντούτου
517 2179 574 2242 eda
591 2174 1057 2262 τοάριθμητονκατειργάσατο.
1100 2177 1172 2241 έπιί

17 2275 97 2338 λθάέ
121 2277 179 2339 καί
198 2277 243 2350 εἰς
263 2273 319 2359 τήν
340 2277 489 2364 τοιαύτην
503 2279 663 2366 ἐπιφοράν
685 2273 866 2364 ἐποιήσατο,
891 2278 1042 2362 σύνθημα
1062 2281 1169 2362 γέγονέ

61 2384 127 2451 τοῖς
142 2371 257 2443 deridet
275 2367 536 2465 συντεταγμένοις
550 2380 705 2459 ἀλαλάξαι
721 2383 909 2462 πολεμικῶς,
929 2375 984 2443 καί
994 2376 1169 2443 σαλπισάν-

59 2502 123 2542 των
147 2480 213 2542 τάν
233 2485 414 2547 σαλπιστῶν
445 2483 592 2565 αάτοβοιί
611 2504 643 2547 τι
674 2482 718 2569 τῷ
735 2479 856 2563 χάρακι
878 2474 1085 2566 ἐπιφέρονται
1115 2481 1171 2543 καί

61 2580 177 2645 τοῦτον
200 2577 347 2663 αἱροῦσιν
366 2584 400 2659 ι”ξ
422 2582 563 2668 έφάάου,
586 2581 878 2667 πτριστοιχίσανιις
901 2581 991 2666 δίκην
1010 2581 1169 2662 μιλισσάν

138 2742 165 2793 5.
185 2738 369 2813 deseruisse?
476 2744 519 2797 λθ.
540 2744 592 2815 εἰς]
614 2758 648 2796 aa
667 2742 821 2826 ιλσιιῦθιςλ

63 2911 136 2979 regii
157 2918 184 2963 et
203 2912 327 2985 cuspides
347 2910 591 2979 conticescentes,
612 2916 649 2966 ita
663 2915 790 2982 impetum
810 2914 989 2981 excipiebant,
1008 2915 1087 2981 pauci
1106 2916 1168 2983 qui.

64 2982 125 3033 dem
145 2990 225 3050 atque
244 2999 278 3034 ne
299 2993 391 3035 contre
410 2986 542 3037 minimam
568 2988 673 3055 quidem
699 2994 801 3053 partem
821 2987 954 3038 exercitus
972 2985 1046 3037 illius
1065 2988 1168 3039 servari

65 3055 200 3117 valentes,
220 3055 311 3122 plures
331 3064 418 3107 autem
438 3070 528 3108 eorum
546 3058 614 3109 belli
639 3059 755 3125 imperiti
781 3066 808 3108 et
826 3060 955 3119 advenae,
976 3058 1022 3109 sed
1042 3057 1103 3108 lreti
1121 3072 1167 3107 ar.

66 3134 144 3177 cente
165 3126 237 3177 iussa
262 3128 395 3181 adstantes
422 3135 514 3181 contra
542 3129 648 3193 hostes;
675 3129 787 3181 sublatis
807 3130 888 3197 igitur
915 3127 999 3195 signis
1019 3126 1167 3194 phalanges

67 3204 247 3263 apparuerunt
265 3199 419 3263 instructae,
439 3197 509 3251 aliae
529 3208 686 3252 anteeantes
706 3201 809 3266 cupiam
837 3200 870 3250 ad
888 3199 1067 3251 defectionem
1087 3214 1167 3264 pura.

65 3275 127 3331 tam,
150 3268 220 3320 aliae
240 3271 398 3323 coniunctae
418 3286 477 3322 cum
497 3272 636 3337 cornibus,
658 3280 684 3323 et
702 3271 772 3323 aliae
792 3271 891 3322 ultimis
911 3270 1096 3332 adhaerentes,
1115 3270 1166 3321 do-

65 3352 115 3389 nec
143 3347 206 3389 ante
232 3340 328 3391 iussam
356 3342 497 3394 instructas
527 3344 599 3395 vires
625 3346 833 3408 constituerunt,
860 3353 915 3395 tum
938 3342 1048 3396 silentio
1073 3350 1165 3394 coorto

65 3424 172 3478 pugnae
192 3413 293 3464 eminus
311 3414 448 3465 institutae
468 3415 579 3481 primum
598 3416 723 3479 fiebant,-
740 3426 770 3468 et*
785 3414 915 3482 peltastae
934 3414 1019 3482 sparsi
1039 3429 1072 3464 ex
1091 3422 1166 3465 utra-

66 3495 117 3546 que
136 3489 213 3547 parte
232 3498 261 3533 se
280 3484 396 3535 invicem
415 3486 652 3553 aggrediebantur,
674 3496 754 3555 atque
773 3488 812 3538 sic
831 3502 889 3538 cum
909 3501 998 3554 pugna
1017 3498 1103 3551 paene
1121 3486 1165 3533 in.

67 3553 235 3615 caederetur,
256 3556 359 3621 equites
379 3555 511 3621 peditibus
531 3556 604 3627 regis
630 3569 704 3610 extra
728 3559 827 3611 vallum
848 3559 965 3626 egressis
991 3555 1102 3606 sarissas
1121 3556 1165 3605 in.

66 3620 197 3687 ferebant,
218 3632 273 3675 tum
292 3640 354 3691 pars
380 3628 506 3693 quaedam
532 3630 618 3682 divisa
645 3640 671 3681 et
689 3630 821 3699 Agerenis
845 3631 872 3679 in
898 3628 985 3679 fronte
1011 3625 1122 3676 adducta
1140 3633 1167 3675 et
1244 3696 1247 3699 χ

67 3695 184 3758 speciem
203 3696 333 3761 praebens
354 3695 435 3765 fugae
454 3700 575 3753 internae
595 3702 734 3753 seditionis
755 3700 830 3769 quasi
849 3705 976 3766 urgentes
997 3711 1042 3747 cos
1062 3698 1165 3749 consti.

67 3764 125 3827 tuit,
146 3773 173 3816 et
192 3766 319 3819 celeriter
338 3776 445 3819 vertens
467 3768 541 3822 irena
567 3771 667 3825 medios
696 3772 745 3823 hos
765 3770 882 3831 inclusit,
903 3776 929 3818 et
944 3769 1052 3819 eaedem
1072 3768 1165 3820 bortum

8 3860 10 3871 ι
66 3834 285 3889 innumerabilem
306 3839 431 3890 coniecit.
470 3856 527 3893 cum
547 3853 634 3896 autem
655 3845 733 3895 etiam
752 3843 784 3894 ad
803 3841 874 3892 hune
892 3838 972 3891 talem
992 3841 1118 3907 impetum
1136 3856 1166 3891 se

68 3908 234 3975 accingeret,
262 3911 367 3977 signum
385 3911 473 3963 datum
501 3922 541 3965 est
566 3915 701 3966 instructis
728 3914 772 3980 qui
800 3911 937 3963 adstabant
966 3920 995 3963 ut
1020 3911 1166 3963 clamarent

68 3975 172 4029 militari
191 3982 313 4031 modoet
332 3996 390 4032 cum
405 3982 566 4036 cecinissent
583 3985 770 4037 buccinatores
789 3985 873 4051 prime
887 3983 1003 4035 clamore
1023 3982 1096 4034 uallo
1116 3982 1164 4033 ad.

69 4045 203 4101 teruntur:
223 4060 302 4119 atque
319 4043 374 4102 buc
393 4053 490 4105 tollunt
509 4056 594 4121 primu
612 4058 711 4122 impetu
731 4058 869 4124 cingentes
889 4057 975 4123 apium
990 4056 1075 4107 instar
1090 4070 1163 4107 aum.

69 4131 135 4173 ntum
153 4137 272 4196 murum,
301 4132 327 4176 et
345 4125 460 4193 ingrcssi
487 4128 556 4181 intus
581 4127 678 4183 multos
703 4128 834 4186 necabant
859 4137 886 4182 et
905 4126 1042 4183 calcabant
1062 4140 1163 4193 eurum,
