2834 4750
252 293 327 379 tho
548 304 771 378 nrcmaara
799 305 1060 378 ammona

253 483 307 571 ρίρ
328 476 495 565 χρειώδεις
515 471 782 563 ἀποστησάμενος,
803 482 860 544 καί
877 476 972 561 τιμάς
998 473 1077 545 ἀσαι
1101 477 1206 568 τούτῳ
1229 478 1365 545 ἐδόκουν

251 579 407 665 ὁσημέραι
428 579 735 663 καταπραττόμενος,
756 583 948 665 ἐφαπλάσαι
978 579 1036 665 την
1062 588 1161 665 χεῖρα
1183 579 1244 645 κατ’
1263 585 1366 665 με’χρι
1404 584 1410 596 ‘

250 677 437 759 Βυζαντίον
453 680 664 762 διεμελέτησε,
687 671 742 745 καί
762 674 866 767 ἑαυτῷ
887 684 1128 766 προεκκαθάραι
1148 683 1205 745 κατ’
1225 683 1365 747 tradam

251 778 310 865 τήν
330 781 376 856 εἰς
405 777 445 846 rol
472 782 620 862 βασιλεια
650 779 783 846 εἴσοδον.
832 787 970 866 τιμήσας
998 774 1056 847 σάν
1077 781 1131 846 τὸν
1151 780 1238 848 ἴδιον
1257 776 1365 846 αάτά-

250 883 368 965 διλφον
397 879 542 964 Ἰωάννην
569 884 614 967 τῷ
639 884 701 948 τάν
731 879 979 964 κουροπαλάτων
1003 887 1161 969 ἐπιφανεῖ
1183 881 1387 964 ἀξιωματι,5

193 988 199 1000 ’
250 977 405 1061 δυνάμεις
426 977 528 1064 ἀδράς
551 979 724 1065 ἐνεχείρισε
739 984 794 1045 κατ’
815 982 896 1068 πρὸς
919 981 999 1048 adri
1026 982 1059 1047 τύ
1075 983 1262 1062 Βυζάντιον
1282 986 1360 1060 ἐξα-

250 1085 402 1162 πέστειλε,
425 1084 555 1157 πίσυνος
576 1075 621 1147 ἀν
642 1081 685 1158 ἀς
711 1085 840 1167 ἐπείπερ
863 1080 892 1147 οἱ
915 1090 1042 1149 πολῖται
1063 1081 1118 1147 τάν
1137 1088 1282 1165 βασιλέα
1299 1085 1360 1148 oria

165 1185 170 1190 ’
249 1184 294 1267 τῷ
314 1183 466 1270 λογοθέτη
486 1185 529 1248 δι’
551 1183 647 1268 ἀργῆς
675 1183 730 1248 καί
743 1189 863 1264 ’μίσους
882 1185 1012 1258 ἀτενοῦς
1036 1183 1158 1269 ἐχουσι,
1178 1189 1360 1268 προσέξου-

155 1344 157 1354 ,
250 1283 287 1346 σι’
305 1303 340 1344 τε
372 1285 459 1371 αύτῷ
488 1281 568 1364 μετά
598 1286 785 1370 τηλικαύτης
824 1288 975 1366 στρατιάς
1002 1288 1280 1372 παρατεταγμένην
1308 1288 1361 1348 καί
1394 1314 1398 1319 ’

218 1451 221 1460 ,
250 1385 474 1467 προσδέξονται
496 1379 557 1449 σύν
579 1382 760 1468 ὁμολογίαις
783 1385 884 1462 ἐντός,
905 1388 961 1449 καί
980 1382 1081 1460 σύτως
1101 1383 1206 1460 ἀδεῶς
1228 1388 1395 1470 ἐπάγοι-ιθ

249 1480 340 1565 κη’σει
360 1483 463 1580 αάτδςΙ
483 1487 517 1550 ἐν
537 1481 703 1574 ἑτοιμασίᾳ
725 1488 875 1574 βασιλικῇ
898 1485 953 1550 κατ’
972 1484 1126 1575 ἀποδοχῇ.
1185 1485 1259 1550 ἀλλ’
1274 1479 1361 1569 ’ἧνδ

249 1581 366 1656 σκοπάς
387 1579 448 1662 ἔξω
468 1587 523 1669 τῆς
542 1587 601 1650 rori
612 1591 779 1667 μέλλοντος
800 1583 998 1668 ἀποβάσεως.
1020 1588 1075 1673 τῆς
1095 1586 1233 1670 μὲνγὰρ
1260 1612 1361 1672 στρα-

249 1685 320 1758 τιάς
350 1684 386 1748 τό
409 1690 694 1770 συγκεκροτημένον
726 1685 781 1751 καί
811 1684 1063 1770 πολυάνθρωπον
1090 1683 1158 1770 εἶχέ
1179 1712 1263 1753 τινα
1285 1687 1363 1770 πρύς

248 1781 322 1859 τούς
349 1784 434 1860 ἐκτὸς
462 1785 604 1872 φοβεράν
633 1777 836 1874 ἐπιφάνειαν,
859 1792 915 1853 καί
943 1783 1207 1870 utilissimae*
1228 1793 1276 1877 τῇ
1298 1794 1363 1853 Πε-

250 1888 373 1974 ρίνθῳ,
403 1887 441 1974 τῇ
461 1890 526 1951 ’νῦν
541 1887 714 1977 Ἡρακλείᾳ
745 1893 941 1978 καλουμένη,
962 1888 1248 1975 προυπαραβαλάν
1274 1888 1394 1954 ἀτσύ15

248 1991 425 2072 Βρυεννίσυ
460 1985 676 2076 σάτάδελφος,
709 1992 754 2075 μὴ
792 1985 1068 2080 συγκαιανευούση
1097 1988 1179 2073 πρὸς
1212 1989 1277 2074 τὴν
1308 1992 1363 2056 τού

249 2079 425 2173 Βρυεννίον
445 2089 621 2175 ἀνάρρησιν
641 2091 693 2156 διά
716 2091 753 2155 τά
775 2090 830 2156 καί
848 2087 1047 2177 στρατιώτας
1068 2088 1159 2156 ἐνδον
1182 2087 1279 2173 ἔχειν
1300 2096 1361 2172 βα-

207 2185 209 2198 '
250 2183 407 2269 σιλικούς,
437 2187 518 2256 κατά
550 2191 666 2274 κράτος
693 2186 757 2258 εἷλε
780 2197 835 2260 καί
862 2190 998 2266 πολλούς
1024 2191 1147 2256 ἀνεῖλεν
1167 2185 1288 2276 αάτῆς,
1312 2189 1364 2255 καί
1409 2234 1410 2239 1

249 2284 288 2354 τά
314 2287 404 2366 ἐκτύς
422 2289 588 2373 μετάαάν
609 2290 696 2359 ἔνδον
718 2295 865 2383 ἐδῄωσεν.
914 2289 1103 2381 ἀπεχώρησε
1123 2292 1184 2379 γάρ
1209 2293 1272 2358 καί
1291 2289 1309 2356 δ
1330 2295 1362 2357 ἐν

251 2394 438 2481 Σηλυμβρίη
470 2392 652 2481 ἐφεδρεύων
667 2389 806 2476 Ἀλδξισς
826 2397 982 2482 πρόεδρος
1016 2392 1032 2458 δ
1056 2387 1240 2480 Κυμνηνάς,
1264 2398 1393 2476 aopi-ao

250 2514 354 2568 στικος
380 2486 515 2579 ἀστερυν
534 2499 592 2580 τῆς
612 2497 733 2571 δύσεως
764 2500 973 2581 προβληθείς,
1007 2493 1090 2578 μετά
1111 2499 1177 2560 τάν
1197 2494 1359 2560 συνόντων

251 2591 339 2678 αύτῷ
362 2603 588 2678 στρατιωτῶν,
619 2600 674 2661 καί
693 2599 732 2683 τῇ
751 2597 967 2685 βασιλευούσῃ
996 2596 1180 2669 σπουδαίως
1202 2592 1359 2682 ἐπανελη-

251 2693 357 2755 λυθεν.
400 2695 430 2757 οἱ
452 2696 488 2758 δέ
507 2695 563 2781 την
584 2701 736 2780 βασιλίδα
759 2701 917 2773 οἰκοῦντες
949 2700 1100 2781 ου’δαμάς
1120 2695 1203 2781 πρὸς
1225 2697 1287 2782 την
1305 2701 1358 2781 τῆς
1408 2763 1409 2776 ,

251 2793 400 2875 στρατιᾶς
432 2796 631 2882 ἐπιφοίτησιν
656 2800 928 2883 κατεπλάγησαν,
961 2792 1154 2873 ἀλλ’,σέτως
1172 2790 1266 2881 εἶχον
1286 2802 1359 2882 περί

322 2968 348 3023 8.
366 2970 478 3045 μδαους
496 2974 616 3047 δγινοῦε
638 2976 668 3031 G.

250 3156 391 3226 porrigere
405 3173 509 3209 manum
528 3158 574 3210 vel
585 3174 678 3227 usque
697 3160 730 3211 ad
747 3158 906 3225 Byzantium
924 3158 1065 3209 meditatus
1088 3164 1147 3219 est,
1170 3164 1198 3206 et
1215 3155 1270 3209 sibi
1289 3172 1354 3223 pur.

249 3245 314 3299 gare
343 3235 369 3279 et
395 3230 564 3296 complanare
590 3230 687 3283 aditum
705 3233 733 3282 in
758 3231 867 3297 regiam.
913 3244 1009 3280 ornans
1034 3228 1118 3297 igitur
1147 3242 1224 3279 suum
1246 3228 1354 3279 fratrem

247 3298 374 3355 loannem
403 3300 559 3367 curopalati
580 3302 678 3354 illustri
697 3304 827 3371 dignitate
851 3303 984 3352 exereitus
1002 3307 1042 3352 sat
1067 3294 1178 3365 magnos
1199 3300 1225 3349 ei
1247 3301 1354 3351 tradidit

249 3381 275 3424 et
294 3372 422 3425 adversus
450 3375 533 3439 ipsam
552 3366 711 3440 Byzantium
739 3374 853 3436 dimisit,
880 3373 1015 3423 conlidens
1044 3370 1260 3439 quandoquidem
1279 3372 1353 3421 aives

247 3460 339 3511 regem
361 3452 386 3495 et
405 3444 570 3513 logothetam
589 3446 645 3495 irae
658 3453 684 3495 et
704 3446 765 3496 odio
782 3445 871 3496 infimo
888 3443 1029 3507 habebant,
1051 3456 1097 3493 eos
1114 3456 1274 3493 accessuros
1294 3458 1352 3493 esse

247 3514 280 3568 ad
300 3532 358 3566 eum
378 3515 425 3567 tali
446 3518 566 3567 exercitu
586 3516 743 3568 instructum
771 3524 797 3567 et
814 3524 970 3580 recepturos
991 3531 1050 3566 cum
1072 3528 1195 3576 assensu,
1214 3520 1297 3581 atque
1315 3514 1352 3564 sic
1406 3563 1407 3568 ,

247 3604 277 3641 se
296 3593 353 3639 tuto
373 3587 547 3638 adventurum
567 3602 627 3640 esse
648 3589 743 3653 ipsum,
763 3588 839 3653 regie
853 3586 982 3638 firmatum
1001 3596 1027 3638 et
1041 3592 1192 3651 exceptum.
1231 3585 1278 3637 aad
1298 3592 1353 3635 erat

246 3659 412 3726 propositum
442 3666 517 3709 entra
543 3672 731 3727 eorumquae
754 3658 843 3710 lutura
872 3666 947 3707 erant
967 3659 1073 3709 exitum.
1125 3657 1264 3722 copiarum
1283 3657 1351 3705 enim

247 3730 405 3782 exercitatio
426 3737 453 3779 et
470 3729 611 3783 multitudo
626 3730 741 3781 habebat
760 3729 888 3798 quandam
907 3728 940 3778 iis
955 3730 1000 3796 qui
1021 3736 1186 3779 extruerent
1205 3726 1352 3778 terribilem

246 3802 374 3869 speeiem,
395 3816 482 3869 eoque
499 3802 584 3869 magis
603 3802 674 3870 quod
695 3802 775 3852 etiam
794 3798 957 3863 Perinthum,
986 3813 1053 3866 quae
1072 3813 1143 3850 nunc
1163 3807 1277 3859 vocatur
1296 3796 1352 3848 lle.

248 3871 348 3936 raelea,
368 3888 511 3940 aggressus
532 3874 614 3925 irater
633 3874 773 3939 Bryennii‚
792 3886 846 3922 non
867 3871 1025 3922 adnuentem
1044 3871 1076 3922 ad
1094 3870 1225 3935 Bryennii
1248 3885 1349 3920 renun.

216 3950 222 3956 “
246 3942 394 4007 tiationem,
420 3960 478 3994 eum
499 3945 575 3995 etiam
597 3945 696 3995 milites
721 3947 791 3996 intus
812 3942 923 3998 haberet
942 3942 1042 4011 regios,
1069 3942 1097 3992 vi
1116 3942 1190 4007 cepit
1210 3949 1237 3990 et
1256 3940 1351 3991 multos
1405 3975 1406 3980 ,

246 4012 275 4063 iu
295 4028 326 4061 ea
344 4014 462 4077 sustulit,
483 4024 510 4065 et
530 4025 638 4067 externa
664 4032 722 4067 cum
748 4018 790 4081 iis,
811 4031 880 4084 quae
901 4016 972 4066 intus
993 4020 1076 4078 erant,
1106 4013 1266 4063 devastavit.
1307 4028 1351 4061 re·
1405 4053 1406 4070 2

247 4084 329 4134 cessit
348 4086 417 4133 enim
437 4086 516 4136 etiam
540 4088 585 4155 qui
608 4087 774 4155 Selymbriae
798 4086 931 4141 insidebat
950 4085 1062 4137 Alexius
1093 4082 1245 4136 comnenus
1270 4098 1350 4149 prae-

247 4166 308 4218 ses,
334 4154 494 4207 domesticus
522 4166 617 4223 postea
646 4160 793 4212 occidentis
821 4167 943 4221 oreatus,
964 4170 1023 4206 eum
1048 4154 1179 4206 militibus
1198 4156 1255 4207 suis
1274 4155 1349 4205 etad

247 4222 350 4291 regiam
369 4225 487 4277 studiose
506 4228 594 4278 rediit.
633 4230 678 4296 qui
697 4236 786 4280 autem
805 4228 896 4282 urbem
910 4226 1094 4281 inhabitabant
1111 4240 1281 4294 nequaquam
1300 4225 1347 4277 ad-
