2834 4750
245 219 294 292 νο
361 203 364 210 ’
534 225 757 294 luceamus
787 215 1049 294 λττλωοτλο

244 389 439 470 τεμόμψατο,
463 382 510 453 ότι
530 391 588 452 τοῦ
615 388 729 469 καιροῦ
752 385 895 462 διδόντος
921 385 954 450 τό
979 384 1133 470 πρότερον
1161 389 1371 467 μαλακώτε.

245 510 301 572 ρον
324 487 420 566 αότός
440 489 495 574 τήν
515 489 700 576 φιλοτιμίαν
724 488 861 567 ἐδέξατο.
905 490 961 552 καί
980 484 1050 553 τότε
1064 484 1242 562 λοιπόνέἰς
1265 485 1372 573 ἔργον

245 585 262 650 ό
284 590 373 670 λόγος
394 593 570 675 ἐκβέβηκεν,
586 583 634 654 ότι
657 591 700 674 τῷ
719 589 890 674 Ἐπιμηθεῖ
906 587 938 653 τό
955 592 1016 670 μὲν
1033 593 1139 670 μέλειν
1162 589 1221 652 οόκ
1243 579 1299 672 ἦν,
1327 589 1368 651 τό

246 691 282 754 δὲ
301 695 490 770 μεταμέλειν
510 687 591 775 ἐνῆν.
609 688 749 764 πολλοὺς
780 691 808 751 δ’
831 687 1090 774 ἐμπεριπατήσας
1112 687 1270 764 διαύλους
1293 690 1364 772 πρό

245 793 307 852 τοόν
329 792 459 872 τειχιόν,
489 784 557 855 εἶτα
589 787 664 864 τούς
685 785 862 864 ἑαλωκότας
895 783 1086 879 προαγαγών
1112 791 1169 851 καί
1188 789 1388 872 διαχειρί.5

244 893 368 954 σασθιιι
399 886 528 966 τούτους
556 887 823 970 ἐπαπειλοόμενος
854 890 885 953 εἰ
909 888 952 973 μή
974 886 1030 972 τήν
1061 885 1185 953 εἴσοδον
1207 890 1304 974 crispi
1333 886 1365 952 οἱ

203 1021 208 1026 ·
244 985 334 1064 ἐντός
362 993 587 1076 ἐπιτρέψαιεν,
608 989 651 1064 cic
674 985 753 1073 ἐγνω
773 987 877 1072 μάτην
897 986 931 1054 τό
963 993 1020 1053 τοῦ
1046 990 1137 1072 λόγου
1160 993 1364 1072 θυροκοπῶν

245 1088 300 1154 καί
320 1090 399 1174 πρός
425 1094 556 1176 Κρήτας
577 1092 750 1176 κρητιζων,
770 1089 1006 1174 όπισθόρμητος
1027 1093 1142 1174 γε’γονε.

348 1195 419 1256 Καί
448 1215 536 1267 τινας
571 1189 691 1275 ἡμέρας
727 1193 760 1253 ἐν
790 1190 989 1273 Θερμοπόλει
1024 1187 1361 1277 ἐπιστρατευσάμενος

247 1285 380 1375 ἐτέρας,
409 1292 588 1375 όρξαμένου
610 1292 668 1354 τοῦ
690 1287 832 1375 πλήθους
856 1292 956 1354 aalma*
976 1291 1126 1376 ὑπορρεῖν
1148 1294 1203 1356 καί
1225 1295 1271 1378 τῷ
1289 1296 1396 1372 piu-¹⁰

170 1461 172 1465 ,
244 1397 332 1472 σιλεῖ
349 1397 534 1476 προσιέναι,
562 1385 643 1474 άρας
674 1394 796 1456 ἐκεῖθεν
818 1390 930 1466 νυκτός
959 1389 1036 1472 πρὸς
1055 1384 1191 1475 ἑσπέραν
1212 1393 1361 1477 ἐβάδιζε,

245 1491 300 1556 καί
321 1491 400 1557 κατά
426 1496 480 1574 τής
497 1491 684 1557 Ῥαιδεστοῦ
706 1488 813 1574 (πόλις
835 1493 869 1554 δὲ
891 1485 969 1574 αότη
992 1489 1157 1573 παράλιος,
1178 1495 1359 1574 τήςΠροι-

245 1589 396 1676 κοννήσου
420 1594 587 1680 dadacum)
611 1595 808 1680 πανστρατιᾷ
842 1587 1042 1676 ἐξωρμήσατο
1065 1590 1160 1676 (μόνη
1181 1590 1242 1675 γάρ
1270 1589 1359 1676 αὕτη

245 1695 309 1758 τεόν
331 1694 561 1757 Μακεδονικῶν
590 1695 628 1755 ori
661 1688 852 1777 συναπήχθη
880 1688 983 1782 τοότιρ
1015 1693 1071 1756 καί
1104 1692 1357 1778 συνεφρόνησε),

245 1795 390 1858 σπεύδων
410 1792 487 1858 κατά
511 1789 625 1878 κράτος
656 1790 739 1858 ἑλεῖν
769 1791 825 1878 τήν
858 1792 950 1859 πόλιν
979 1792 1035 1857 καί
1055 1795 1098 1856 δι’
1131 1792 1394 1875 adspexere-15

245 1897 357 1980 πλῆξαι
388 1892 462 1970 τοός
493 1893 742 1980 ἀντιβαίνοντας.
793 1893 984 1986 προσραγείς
1010 1890 1049 1959 δὲ’
1068 1901 1133 1968 τοῖς
1154 1895 1276 1976 τείχεσι
1300 1899 1360 1961 καί

243 1994 391 2080 μηχανάς
412 1993 583 2080 ἐπιστήσας
605 1997 724 2076 αότοῖς,
748 1999 810 2062 τῶν
840 1993 929 2061 ἔνδον
948 1992 1117 2080 εόρεόστως
1138 1993 1356 2078 άντογωνιζο.

208 2105 211 2110 ’
244 2100 348 2177 μένων
369 2089 525 2180 ἄπρακτος
549 2094 727 2182 ἀπηλλάγη,
748 2078 848 2182 μηδὲν
877 2095 1097 2181 κατωρθωκώς
1121 2087 1222 2178 οἷντιερ
1246 2097 1355 2160 διενο-

246 2193 352 2281 ήσατο.
404 2192 436 2273 ἐξ
459 2197 579 2261 ἐκείνου
601 2197 708 2262 τοίνυν
728 2197 786 2282 τήν
805 2196 1008 2283 παρεμβολήν
1031 2200 1065 2262 ἐν
1089 2204 1155 2271 τοῖς
1175 2202 1355 2280 μεσογείοις

243 2300 449 2381 προθέμενος.
472 2297 657 2379 ἐκαραδόκει
679 2297 715 2362 τό
740 2305 865 2381 μέλλον.
918 2292 1055 2383 ήρξαντο
1077 2300 1111 2361 δὲ
1131 2297 1185 2362 καί
1204 2294 1266 2361 άτιὸ
1289 2302 1393 2364 edam

244 2402 300 2483 τής
320 2394 403 2474 ἓιόας
431 2400 540 2464 πολλοί
574 2396 654 2482 πρός
676 2400 735 2484 τήν
759 2401 995 2483 βασιλεύουσαν
1015 2402 1175 2485 ἐπιρρεῖν,
1198 2404 1354 2489 ’πανταχῇ

245 2496 439 2583 γραμμάτων
473 2500 749 2585 ἐπιφοιτησάντων
770 2502 960 2582 βασιλικῶν·
1013 2506 1068 2565 καί
1089 2499 1248 2584 προϊόντες
1268 2507 1353 2579 τινὲς
1409 2575 1410 2582 ,

152 2629 156 2633 ·
246 2593 429 2676 όποοπάδες
462 2598 625 2685 ἐξήπτοντο
658 2606 721 2667 τεόν
742 2601 1031 2687 πεμπομένωνπρό
1062 2607 1116 2687 τῆς
1137 2606 1352 2688 παρεμβολῆς,
1409 2623 1410 2702 J

247 2921 320 2993 quod
350 2936 409 2973 cum
428 2923 535 2975 occasio
561 2922 585 2973 ei
605 2920 774 2990 praebuisset
801 2922 957 2987 victoriam,
985 2915 1185 2989 mollius‘ipse
1214 2926 1350 2973 certamen

206 2997 223 3008 ''
247 3001 397 3046 tractasset.
436 3002 516 3061 atque
533 3002 587 3044 tum
608 3003 706 3046 eventu
726 2992 863 3061 probatum
885 3003 926 3046 est
948 2993 1130 3060 proverbium3
1150 2992 1220 3061 quod
1239 2992 1350 3059 Epime-
1367 3039 1380 3048 ,.

246 3066 310 3118 theo
322 3082 410 3117 curam
425 3082 478 3117 nou
491 3075 634 3132 suppetere
649 3068 694 3130 ait,
708 3075 851 3132 suppetere
861 3067 1061 3133 poeniteutiam.
1082 3065 1177 3116 multas
1190 3071 1277 3114 autem
1290 3081 1350 3115 cum

247 3139 423 3205 percurrisset
442 3140 499 3190 vias
520 3146 581 3188 ante
599 3154 703 3201 muros,
724 3138 820 3189 deinde
839 3145 931 3204 captos
944 3138 1113 3203 produxisset
1132 3144 1158 3186 et
1177 3152 1207 3187 se
1224 3136 1349 3186 trucidari

248 3208 297 3261 lros
316 3211 448 3260 iussurum
466 3211 601 3260 minitatus
621 3219 712 3273 osset,
741 3210 792 3260 nisi
811 3211 907 3261 aditum
928 3210 953 3258 ei
978 3209 1022 3275 qui
1041 3209 1112 3259 intus
1132 3215 1206 3258 crant
1225 3207 1349 3258 tradidis.

248 3288 316 3343 sent,
336 3286 474 3347 postquam
496 3282 625 3348 cognovit
643 3281 740 3332 frustra
759 3282 830 3332 dicta
849 3296 909 3334 esse
927 3280 1020 3344 verba,
1039 3286 1128 3345 portas
1147 3278 1256 3345 pulsans
1276 3286 1302 3328 et
1320 3287 1349 3329 ut

248 3352 280 3403 ad
300 3351 442 3405 Cretenses
462 3353 537 3418 quasi
557 3351 693 3404 Cretensis
711 3355 836 3404 mentitus
854 3352 943 3404 rediit.

347 3422 380 3475 Et
404 3421 548 3473 nonnullos
575 3424 633 3474 dies
659 3423 853 3491 Thermopylae
885 3431 1024 3491 postquam
1052 3428 1138 3472 castra
1162 3422 1253 3487 posuit
1269 3419 1347 3483 alios,

181 3552 185 3567 Ι
248 3510 306 3547 cum
326 3495 461 3561 coepisset
485 3492 624 3543 multitudo
652 3496 676 3544 ci
696 3494 814 3546 defluere
844 3503 871 3545 et
898 3496 930 3545 ad
954 3506 1047 3560 regem
1072 3494 1127 3556 ire,
1154 3491 1270 3542 surrexit
1286 3492 1347 3543 inde

245 3574 328 3619 noctu
349 3566 425 3617 etad
445 3565 610 3616 occidentem
638 3566 694 3616 ibat
720 3574 746 3616 ct
764 3574 857 3616 contra
874 3565 1026 3616 llaidestum
1053 3564 1130 3631 (urbs
1149 3571 1190 3614 est
1207 3562 1273 3613 haec
1288 3578 1346 3613 ura.

247 3640 335 3690 ritima
354 3637 552 3689 Proconnesum
578 3641 688 3707 versus)
715 3654 774 3688 cum
799 3645 856 3688 toto
871 3638 991 3687 exercitu
1011 3641 1104 3685 vectus
1118 3635 1182 3698 ‘est3
1199 3633 1258 3685 sola
1278 3636 1346 3684 enim

248 3708 316 3759 baec
333 3709 397 3759 urbs
417 3708 646 3763 Macedonicarum
672 3722 726 3760 non
754 3708 881 3759 subducta
908 3704 1015 3759 eratali
1035 3706 1102 3769 boc,
1130 3714 1157 3756 et
1174 3704 1346 3778 meditabatur

249 3780 358 3831 studens
379 3780 406 3829 vi
427 3794 560 3846 occupare
578 3780 670 3831 urbem
698 3787 725 3830 et
745 3795 797 3847 iper
823 3795 879 3830 eam
905 3787 1034 3830 terrorem
1054 3778 1167 3828 iniicere
1186 3774 1346 3845 agg'redien.

247 3849 327 3901 tibus.
367 3864 511 3916 aggressus
537 3860 625 3903 autem
653 3852 761 3901 moenia
789 3859 815 3902 et
837 3850 966 3901 machinis
992 3849 1122 3916 oppositis
1146 3849 1196 3911 iis,
1227 3863 1283 3897 cuur
1301 3850 1345 3915 qui

187 3965 195 3981 ,
247 3922 318 3971 intus
339 3926 414 3970 erant
432 3920 523 3973 valide
541 3924 709 3985 resisterent,
729 3922 837 3973 iniectis
855 3922 935 3973 rebus
956 3920 1037 3982 abiit,
1057 3927 1195 3987 postquam
1216 3918 1345 3969 oibil're.

247 3992 365 4057 portavit
383 4002 483 4054 eorum,
504 4008 572 4058 quae
591 3994 731 4045 meditatus
750 4002 815 4045 erat.
855 4010 888 4045 ex
908 4008 940 4043 co
959 3993 1041 4059 igitur
1058 3999 1180 4057 tempore
1199 3991 1300 4051 eastris,
1319 3993 1343 4042 iu

247 4062 448 4111 mediterraneis
467 4064 562 4127 positis
583 4065 755 4132 exspectabat
780 4066 904 4116 loturum.
943 4069 1087 4129 coeperant
1113 4070 1199 4111 autem
1220 4060 1293 4111 etiam
1313 4078 1343 4112 er

248 4132 351 4187 oriente
371 4133 445 4186 multi
465 4134 497 4187 ad
517 4136 657 4204 capitalem
677 4135 790 4190 affluere
816 4137 914 4205 ubique
942 4134 1028 4186 literis
1047 4132 1192 4203 divulgatis
1210 4132 1299 4201 regiis,
1319 4140 1344 4183 et
