2834 4750
524 301 733 374 maroam.
1024 328 1026 334 ’
1105 298 1176 373 281

72 475 117 541 ἓν
136 470 323 560 φιλοσόφοις
336 468 378 544 ῶς
400 465 693 554 ῶσεραναβαῖνοντα
714 467 753 533 τοὶ
777 472 942 552 προσεχῶς
963 458 1187 552 καθορῶμενα,

72 578 141 639 κατ’
162 572 215 637 τὸν
234 569 429 636 διαλεκτικόν
450 564 498 635 ὅτι
518 571 718 653 διαιρετικῶς
745 572 909 653 ἐπιβάλλει
935 578 1001 645 τοῖς
1022 566 1190 652 πράγμασι

71 664 144 739 καῖ’
168 671 203 739 τὸ
233 672 418 756 πρόσφορον
448 671 598 752 α’πονέμει
625 671 664 757 τῇ
695 673 758 735 τῶν
796 671 1010 752 ὑποκειμένων
1038 669 1190 757 σννονσῖφ

72 770 295 859 πραγμάτων,
324 774 380 834 καί
410 768 462 836 τὸν
491 766 679 854 ἡνιοχοῦντα
713 775 746 837 ἐν
774 771 914 847 ἱππικοῖς
950 762 998 835 ὅτι
1030 767 1202 850 τεσσάρων,

42 877 189 948 5ῗππων
205 873 368 956 ἡνιοχείαν
382 876 438 937 καί
458 874 701 957 διακνβὲρνησιν
714 868 944 954 δποδείκνιισιν,
966 871 1020 935 καί
1037 867 1091 935 τὸν
1113 872 1190 952 δρο-

59 978 147 1058 ’μέα
170 966 227 1039 διοῖ
247 971 282 1037 τὸ
306 975 415 1057 ια’χος.
447 976 503 1037 καί
523 971 578 1037 τὸν
599 972 696 1056 οἷργόν
718 979 772 1059 τῆς
794 972 909 1058 α’ργῖας
929 975 1109 1055 συμπαθῶς
1130 996 1189 1035 κα-

74 1078 273 1163 τιρκτιζειο,
296 1077 348 1139 καὶ
378 1078 434 1157 τῆς
454 1072 637 1158 εδεργεσιάς
671 1076 729 1137 ov'n
753 1076 910 1155 ε’δεῖιιννεν
926 1066 1068 1158 ἄμοιρον.
1109 1070 1188 1137 εἴπω

76 1202 115 1240 τι
134 1177 246 1257 μεῖζον
254 1202 265 1256 ,·
287 1174 454 1259 καὶμέχρι
475 1174 645 1256 βαναύσων
659 1178 778 1257 τεχνῶν
799 1173 857 1259 τὴν
873 1169 1084 1259 ἆγοθοεργιάν
1105 1172 1190 1260 ἔφη’-

75 1284 226 1357 πλωσεν,
258 1269 313 1340 δτι
337 1280 475 1341 κάκεῖνοι
503 1276 541 1362 τῇ
564 1279 706 1367 πολιτεῖρι
732 1279 787 1340 καί
816 1284 882 1351 τοῖς
911 1274 1093 1359 ἀνθρώποις
1115 1278 1190 1340 δια-
1225 1362 1230 1369 .
1275 1299 1277 1303 ·

27 1402 66 1457 10
77 1378 209 1443 κσνοῦσι
233 1375 273 1441 τοὶ
291 1376 448 1461 χρήσιμα.
491 1381 546 1442 καί
566 1377 673 1454 ἅπλῶς
703 1378 778 1441 θειά
803 1402 859 1454 τιςι
874 1378 907 1442 ἒν
928 1379 1009 1467 τῶδε
1030 1379 1071 1464 τῷ
1092 1381 1189 1459 βασι-

75 1486 136 1542 λεῖ
160 1487 343 1564 περιηχιῖτο
369 1480 516 1562 έπῖβασις
537 1482 594 1544 καί
617 1477 710 1563 λόγον
733 1478 934 1564 α’νθρῶπινον
961 1481 1079 1544 νικῶσα
1108 1501 1188 1560 πρα-

75 1575 214 1663 μήθεια.

186 1676 304 1761 Οἴομαι
326 1683 362 1745 δὲ
390 1680 434 1757 ῶς
458 1683 539 1757 τινές
561 1685 624 1746 τῶν
651 1682 813 1767 οἶκροοτῶν
841 1684 982 1771 λογισμῷ
1001 1684 1065 1747 τινί
1086 1704 1187 1766 προσ-

77 1778 304 1862 παλαῖσουσιν,
324 1783 580 1864 ε’γκοσμιαστικῶς
601 1786 706 1847 ταῦτα
721 1784 776 1847 καί
789 1780 835 1868 μὴ
858 1784 1087 1867 διηγηματικῶς
1108 1806 1188 1867 σογ-

30 1907 67 1961 15
77 1883 249 1965 γραφῆναί
258 1904 326 1964 μοι,
342 1882 451 1970 εδνοῖφ
474 1885 570 1967 δῆθεν
590 1887 629 1971 τῇ
645 1881 724 1966 πρὸς
745 1880 798 1947 τὸν
811 1888 984 1965 κρατοῦντα
1005 1882 1187 1949 edvardum

80 1982 199 2047 καθότι
220 1986 276 2047 καί
294 1991 358 2058 τοῖς
380 1978 486 2059 ἄλλοις
505 1987 675 2065 βασιλεῦσι
692 1981 726 2048 τὸ
750 1985 844 2066 τιμᾶν
865 1983 920 2048 καὶ
940 1984 1075 2067 δωρεαῖς
1094 1983 1188 2064 ἀμεῖ-

79 2087 201 2164 βεσθαι
222 2083 278 2167 τήν
300 2087 364 2149 τῶν
383 2082 530 2168 δπηκὸων
549 2089 654 2149 πῖστιν
675 2086 878 2168 περιεγίνετο.
903 2087 952 2149 ἐἰ
969 2088 1061 2150 τοῦτο
1082 2086 1117 2149 δὲ
1134 2087 1188 2149 ε’ν-

81 2182 243 2265 νοήσαιεν,
264 2185 323 2249 οδκ
353 2179 392 2249 ab
422 2187 621 2268 διανοιχθεῖεν
647 2188 759 2260 καλῶς.
809 2183 843 2249 τέ
865 2186 925 2267 μέν
954 2182 1014 2270 γὰρ
1038 2187 1094 2249 κατ’
1114 2181 1201 2261 τούς

79 2283 194 2369 πρῶρν
215 2287 466 2367 βασιλεύσαντος
482 2288 603 2349 εδνοεῖν
618 2285 846 2371 τοῖςίλπηκὸοις
861 2282 915 2349 καὶ
928 2288 1079 2370 παρέχειν
1092 2287 1188 2369 erisp-

31 2388 190 2472 2oyeot'oc
218 2389 288 2452 oo’d’
322 2386 421 2465 αδτός
442 2389 676 2470 αἰιοναῖνομαι,
706 2391 763 2452 καί
789 2386 956 2468 πολλάκις,
990 2387 1024 2450 ἐν
1046 2379 1190 2471 οῖςπερέ

82 2489 191 2552 αὐτῶν
211 2491 371 2573 γέγραφα,
397 2488 455 2571 τὴν
479 2487 604 2575 μνήμην
616 2492 670 2572 τῆς
694 2491 801 2554 αὐτῶν
820 2491 1006 2572 περιέλαβον
1031 2485 1185 2568 πράξεως·

79 2583 116 2652 τδ
141 2590 170 2652 δ’
192 2589 248 2654 tut
266 2591 310 2676 τῷ
329 2587 524 2677 Βοτανειοὶτρ
552 2587 586 2653 έν
606 2596 674 2667 ταῖς
697 2596 806 2672 τιμαῖς
829 2589 973 2675 καὶτοῖς
996 2591 1059 2653 τῶν
1080 2590 1187 2672 δωρη-

156 2768 198 2822 15.
217 2766 385 2826 denudem
404 2766 434 2823 0.

82 2931 194 2987 stultum
212 2938 242 2984 ut
261 2940 397 3000 expertem
412 2933 568 2986 meliorum:
587 2935 744 3001 prudentem
759 2933 886 2988 efferebat
901 2943 931 2988 ιιε
950 2933 1058 2988 consilii
1077 2939 1186 3001 specta-

83 3005 215 3056 tissimum
233 3004 444 3069 instrumentum,
464 3013 492 3056 et
510 3012 689 3059 astronomum
714 3007 783 3058 inter
807 3005 984 3072 philosophos
1001 3013 1031 3058 ut
1050 3005 1186 3057 exceden-

83 3084 138 3127 tem
161 3090 229 3142 quae
247 3091 332 3144 prope
350 3085 497 3149 apparent,
522 3085 550 3128 et
568 3078 757 3140 dialecticum,
779 3078 841 3144 quia
868 3077 1015 3143 dividendo
1031 3076 1187 3144 aggreditur

83 3162 130 3198 res
150 3154 177 3196 et
195 3148 419 3199 accommodatum
436 3149 530 3200 tribuit
547 3149 674 3216 potestati
693 3147 943 3214 comprehensarum
963 3162 1062 3211 rerum,
1081 3154 1108 3198 et
1125 3158 1185 3197 mo.

83 3220 235 3269 deratorem
255 3233 399 3286 equorum,
426 3221 488 3287 qnia
507 3228 630 3287 quattuor
656 3233 784 3287 equorum
811 3219 1020 3272 moderationem
1040 3226 1066 3270 et
1083 3217 1185 3285 guber-

84 3290 220 3340 nationem
244 3291 374 3354 ostendit,
401 3299 427 3342 et
451 3306 587 3343 cursorem
610 3298 721 3356 propter
747 3289 935 3355 celeritatem,
963 3298 1043 3357 atque
1069 3288 1185 3340 desidem

85 3368 196 3426 propter
215 3360 342 3412 desidiam
361 3363 544 3414 misericordia
567 3361 744 3413 miserabatur
770 3377 860 3430 neque
885 3361 1010 3413 beneficii
1028 3358 1185 3412 ostendebat
1269 3386 1274 3394 ,
1302 3379 1311 3398 ·

86 3437 232 3496 expertem.
271 3432 355 3482 dicam
375 3433 438 3500 quid
455 3434 555 3484 maius:
587 3434 665 3484 etiam
683 3435 818 3500 usquead
838 3448 960 3484 manuum
980 3429 1184 3498 operabeneii.

83 3501 212 3552 cientium
232 3495 359 3566 eitendia
379 3505 442 3570 quia
462 3506 540 3556 etiam
558 3505 600 3556 iili
621 3505 725 3556 civitati
754 3511 781 3554 et
799 3504 949 3557 bominibus
968 3509 1080 3555 tractant
1097 3498 1183 3553 utilia.

86 3579 168 3638 atque
186 3574 294 3622 omnino
314 3573 405 3625 divina
424 3577 551 3642 quaedam
569 3577 598 3628 in
617 3576 669 3628 hoc
687 3591 754 3643 rege
774 3576 886 3628 sonabat
905 3576 986 3628 elatio
1009 3582 1035 3625 et
1053 3573 1183 3625 rationem

84 3642 220 3694 bominum
238 3657 366 3709 superans
386 3646 536 3698 consilinm.

184 3727 250 3781 Puto
270 3737 367 3795 autem,
388 3733 446 3785 fore
463 3742 493 3785 ut
511 3734 634 3786 nonnulii
648 3735 766 3788 lectores
783 3734 988 3788 ratiocinatione
1008 3735 1118 3803 quadam
1136 3749 1184 3786 re·
1204 3765 1207 3776 ι

82 3801 226 3864 luctentur,
246 3801 407 3855 laudationis
426 3807 504 3856 modo
530 3805 597 3857 hacc
622 3823 711 3874 neque
729 3808 889 3859 narrationis
919 3807 1069 3872 conscripta
1089 3821 1148 3859 esse
1168 3819 1183 3856 a

82 3889 134 3936 me,
153 3872 363 3925 benevolentiae
382 3875 488 3926 scilicet
514 3892 578 3943 erga
596 3878 784 3944 imperatorem
808 3879 994 3942 inservientia,
1014 3879 1084 3946 quod
1104 3878 1180 3929 etiam

83 3946 180 3997 ceteris
204 3943 312 4013 regibus
339 3959 435 3996 ornare
462 3954 488 3996 ct
514 3948 590 3998 donis
615 3956 717 3999 mutare
744 3949 922 4001 subiectorum
953 3949 1030 4001 fidem
1057 3950 1181 4001 usitatum

82 4016 177 4067 inerit:
202 4018 249 4068 sed
277 4017 299 4066 si
325 4015 376 4068 hoc
395 4017 567 4096 cogitabunt,
594 4019 708 4071 iortasse
741 4034 795 4071 uon
820 4028 894 4072 recte
922 4021 1052 4073 sentient:
1082 4021 1180 4072 etenim

83 4088 160 4137 etiem
181 4088 335 4155 superiores
356 4103 435 4157 reges
449 4089 549 4142 iuvisse
564 4089 692 4142 subiectis
708 4099 735 4142 et
746 4092 901 4157 praebuisse
917 4091 1050 4147 beneficia
1068 4109 1102 4144 ne
1120 4095 1179 4158 ipse

82 4156 186 4225 quidem
206 4159 303 4210 infitias
323 4174 372 4213 eo:
391 4168 471 4229 atquo
490 4175 572 4227 saepe
590 4161 618 4212 in
637 4162 680 4227 iis,
703 4163 817 4231 quaeda
837 4162 877 4215 his
896 4165 1001 4232 scripsi,
1019 4165 1179 4215 mentionem

82 4242 173 4282 eorum
193 4231 247 4284 ieci
266 4231 398 4286 actionis:
422 4231 581 4309 Botaniatao
607 4240 696 4289 autem
715 4235 743 4287 in
768 4234 913 4290 honoribus
932 4244 959 4288 et
977 4235 1105 4289 donorum
1123 4232 1178 4284 lar.
