2834 4750
524 300 734 377 euroram.
828 262 845 333 .'
1103 299 1183 381 tet

54 477 248 564 βοίζοντας,
274 477 328 553 καί
348 486 432 546 οῖτον
452 481 486 544 ἐκ
510 475 629 542 τούτων
651 480 754 552 κακῶς
776 474 1022 562 α’φοιροέμενος,
1045 479 1101 542 καί
1121 479 1184 558 βο-

55 587 155 666 ρείας
178 579 375 666 ἀπαιτήσεις
401 579 480 664 δπὲρ
500 582 561 643 τοῖν
585 581 776 643 τοπιατικοδν
790 576 1062 662 εἰσπραττόμενος,
1085 573 1184 662 η’νιίγ-

54 683 141 762 καζε
168 681 235 764 τὴν
261 683 377 765 πρᾶσιν
400 678 452 744 διδ
478 677 512 743 εδ
538 683 799 760 καινοτομεῖσθαι
822 679 997 752 πολυειδῶς
1022 674 1183 745 ενδεεστέ-

55 806 124 864 ραν
150 791 276 848 ποιεῖν.
325 781 379 848 καί
399 777 498 856 οὕτως
528 781 726 865 τρεφομένου
753 779 809 843 τοῦ
839 776 1070 863 φούνδακος
1039 802 1085 852 εις
1110 781 1185 844 α’δι-
1223 827 1227 832 -

29 885 137 948 5κίαν
177 882 445 968 ἀπαραμύθητον
472 884 614 957 ἐξέπιπτε
637 878 675 944 τοὶ
709 884 766 964 τῆς
791 883 947 997 προτέρας
975 877 1185 963 εδδηνίας
1148 905 1184 964 τη

56 983 232 1070 πολιτείᾳ,
256 1008 308 1048 και
330 985 475 1066 περιέστη
498 978 560 1047 etad
586 984 662 1046 δέκα
686 984 742 1044 καί
755 981 836 1044 δκτω
828 977 1029 1060 μοδίοννείς
1049 980 1104 1042 ἕνα
1123 974 1186 1058 μό-

58 1085 136 1146 διον
170 1086 236 1148 τοῦ
270 1083 461 1164 νομίσματος
494 1083 513 1165 ἦ
544 1087 601 1146 τοῦ
622 1081 712 1148 σίτου
743 1086 867 1165 πρᾶσις.
919 1075 1185 1162 έκομμερκεύοντο

58 1180 127 1267 γὰρ
152 1181 281 1269 ἔκτοτε,
304 1188 366 1268 φεῦ
388 1187 442 1268 τῆς
461 1186 651 1264 πλεονεξίας,
671 1183 712 1247 ου’
723 1181 820 1262 μόνον
842 1179 875 1245 αἱ
896 1183 1078 1264 πυροφόροι
1099 1174 1187 1259 δίμοι-

59 1288 144 1366 ξαι,
177 1283 268 1348 ἀλλὰ
298 1283 353 1350 καί
371 1281 409 1350 τοὶ
436 1282 530 1348 λοιπδ
554 1278 651 1370 ὤνια,
678 1280 740 1349 ὅσοι
764 1287 896 1366 πλησίον
927 1285 1047 1347 έκεινου
1075 1280 1187 1361 παροδ-

18 1387 179 1450 ὶθδευον.
233 1389 418 1469 α’πείργοντο
449 1388 483 1448 δὲ
513 1385 567 1450 καί
593 1382 622 1450 οἱ
653 1389 708 1468 τῆς
741 1381 922 1468 περιχώρου
943 1384 1062 1466 ἐκείνης
1082 1378 1137 1444 καί
1157 1375 1204 1444 οῖ’

60 1487 123 1569 τῆς
143 1485 342 1552 Ῥαιδεστοῦ
360 1483 477 1551 έποικοι
501 1493 616 1553 πωλεῖν
636 1486 674 1551 τὰ
701 1483 770 1550 ἴδιοι
792 1480 930 1569 γεώργια
948 1487 981 1548 έν
1004 1491 1074 1557 ταῖς
1097 1474 1185 1546 ἔστί-
1193 1493 1214 1546 i.
1228 1491 1282 1548 tto
1295 1505 1322 1547 τ.

64 1611 119 1661 αις
149 1588 276 1651 αὐτῶν.
321 1589 500 1674 ’ἀφηροῦντο
520 1591 554 1651 δὲ
576 1588 631 1652 καί
642 1585 672 1651 οἱ
690 1587 837 1669 μέδιμνοι
858 1583 914 1649 καί
928 1580 1023 1665 μόνος
1045 1579 1060 1646 δ
1083 1581 1185 1667 φοῦο-
1224 1621 1233 1642 ι

65 1687 225 1764 δαξπῶν
257 1689 420 1768 μεδίμνων
450 1685 575 1774 ὑπῆρχε
607 1690 725 1773 κύριος.
777 1680 855 1768 ὅπερ
879 1685 1030 1749 οὐδέποτε
1050 1686 1184 1766 γέγονεν,
1223 1738 1226 1744 .

65 1790 140 1852 οὐδ’
167 1789 185 1852 δ
214 1781 304 1872 ἥλιος
328 1783 393 1854 εἶδε
417 1794 555 1854 τοιοῦτον
578 1789 728 1873 ἀδίκημα.
785 1789 816 1851 εἰ
833 1787 895 1870 γὰρ
918 1788 1115 1869 προσηγγέλη
1136 1807 1185 1858 τις

22 1885 233 2008 15πιολήσρις
262 1885 370 1953 οἴκαδε
395 1896 480 1954 σῖτον
506 1893 539 1967 ἐξ
561 1880 604 1953 ὧν
634 1889 839 2006 ἔγειρ’ργησεν,
858 1882 903 1960 οἷς
925 1883 1043 1970 φονεδς
1065 1878 1087 1966 ἢ
1109 1885 1185 1962 βια-

67 1983 196 2071 στης’
174 2016 195 2073 η
220 1984 337 2054 ἄτοπόν
356 2013 385 2054 τι
419 1988 524 2106 ἕτερον
555 1985 728 2107 πεπραχιδς
750 1982 924 2070 ἐδημεύετο
950 2008 1003 2049 και
1026 1980 1184 2068 ηρποὶζετο

69 2087 165 2170 παρὰ
212 2113 269 2153 του
309 2091 550 2164 ἐπιστατουντος
586 2093 628 2176 τῷ
658 2087 827 2172 φουνδακι
876 2084 1022 2168 παρῆσαν
1048 2079 1110 2165 γὰρ
1141 2090 1185 2183 τῷ

70 2194 348 2310 φουνδακορίρρ’
333 2216 366 2256 εκ
389 2190 491 2276 ποίοης
512 2193 599 2265 ἰδέας
613 2212 802 2309 κακουργονν
819 2180 970 2268 ὅχριτονν
992 2180 1105 2250 ἑκατὸν
1125 2209 1185 2248 τα-

70 2293 187 2367 ξευῖται
213 2289 400 2373 ταττόμενοι
431 2296 503 2376 παρ’
532 2291 652 2370 αὐτοῦ,
674 2314 726 2354 και
749 2311 825 2362 τους
844 2284 1039 2361 ελεεινους
1023 2285 1184 2370 εμπόρους

23 2392 130 2457 λΟκαί
154 2390 319 2475 νειοργοδς
348 2401 473 2469 πολλοῖς
504 2396 648 2476 α’νιαροῖς
669 2395 894 2475 περιέβαλλον·
945 2389 998 2452 καί
1018 2387 1124 2463 ου’δείς
1145 2380 1184 2470 ἦν

73 2492 89 2556 ὅ
117 2493 308 2575 α’ντιστῆναι
330 2495 452 2569 τούτοις
482 2494 654 2575 δυνάμενος
681 2496 725 2580 τῷ
745 2515 777 2556 τε
807 2492 923 2574 πλήθει
948 2491 1184 2570 δυσκαταγωνί-

71 2618 161 2670 στοις
184 2589 259 2658 οδσι
282 2598 337 2659 καί
365 2598 401 2681 τῇ
424 2596 593 2683 δυναστείᾳ
613 2598 670 2657 τοῦ
701 2597 870 2676 λογοθίτου
903 2589 936 2655 ιδ
960 2590 1080 2674 θράσος
1103 2586 1185 2653 dud·
1233 2631 1236 2635 -

74 2699 190 2760 θεκτον
212 2694 333 2777 έχουσι.
378 2699 433 2759 καί
452 2694 468 2759 ὃ
491 2698 549 2778 μὲν
570 2695 593 2773 ξ’
614 2694 805 2779 λιτρῶντδν
820 2694 994 2780 1φουνδαιιιι
1011 2690 1185 2775 μιοδοοσά..

153 2855 179 2907 7.
201 2855 439 2927 έκκομερκιιίοντο
459 2854 496 2909 G:
562 2816 606 2909 tt.
626 2869 718 2924 margo
737 2830 865 2926 perideus·⁴

77 3018 119 3069 lia
135 3033 230 3069 rerum
248 3018 276 3068 iu
296 3034 328 3070 ea
344 3026 416 3071 terra
432 3019 650 3103 provenientium
671 3017 807 3085 exigebat,
827 3016 943 3085 cogebat
968 3031 1015 3070 eos
1043 3018 1183 3070 venditio.
1232 3050 1235 3054 ·

78 3106 152 3153 nem,
173 3090 300 3143 novando
319 3106 362 3141 res
381 3092 457 3142 vario
476 3091 564 3154 modo,
584 3090 740 3139 inferiorem
761 3103 907 3139 exercere.
935 3095 1016 3156 atque
1042 3090 1079 3139 ita
1104 3099 1183 3160 aucto

79 3161 183 3212 horreo
203 3161 236 3211 ad
255 3162 410 3213 iniustitiam
430 3163 555 3212 immitem
579 3160 667 3211 exibat
685 3162 759 3227 prior
780 3158 897 3210 felicitas
921 3161 1041 3223 civitati3
1061 3169 1087 3211 et
1111 3151 1185 3213 tanta

79 3233 152 3283 iacta
173 3240 214 3283 est
234 3235 377 3285 conversio
397 3242 426 3285 ut
452 3242 530 3284 antea
552 3233 738 3315 duodeviginti
766 3231 891 3281 frumeuti
910 3231 991 3281 modii
1017 3246 1077 3283 asse
1103 3233 1184 3284 veui.

81 3312 152 3367 rent,
173 3307 225 3355 iam
244 3319 312 3356 unus
339 3307 441 3357 modius
468 3319 499 3354 eo
525 3305 613 3370 pretio
640 3310 783 3355 constaret.
829 3303 856 3353 in
882 3304 1069 3353 commercium
1096 3313 1205 3356 autem-

81 3375 284 3426 deduecbautur
306 3392 339 3426 ex
359 3391 390 3427 eo
410 3378 540 3441 tempere,
560 3374 613 3425 beu
633 3375 780 3437 avaritiam,
800 3388 855 3424 uon
874 3373 960 3425 solum
985 3374 1067 3425 tritici
1092 3391 1184 3426 currus

79 3446 130 3496 sed
150 3448 230 3497 etiam
248 3446 371 3514 reliquae
390 3461 502 3509 merces,
523 3462 698 3515 quaecuuque
717 3462 801 3512 prope
821 3444 888 3495 illud
905 3446 1112 3511 proveniebant.
1131 3448 1183 3496 im-

82 3517 260 3582 pediebantur
281 3526 369 3569 autem
389 3527 415 3579 et
433 3518 540 3568 incolae
559 3518 705 3569 vicinitatis
724 3517 797 3568 iilius
818 3524 845 3568 ct
862 3517 1091 3582 Ruidestivicini‚
1113 3532 1183 3586 quo.

82 3589 171 3640 miuus
191 3590 337 3640 venderent
357 3589 448 3655 fruges
467 3605 527 3641 suas
546 3591 574 3640 in
593 3590 647 3640 suis
678 3589 817 3640 domibus:
846 3596 873 3639 et
898 3588 1079 3640 adimebantur
1105 3591 1194 3644 etiam.

83 3660 364 3724 modiiirurnentarii,
386 3669 412 3712 et
430 3659 516 3712 solum
537 3658 662 3710 borreum
681 3662 828 3712 modiorum
849 3667 906 3710 erat
931 3661 1083 3725 particeps:
1112 3662 1182 3728 quod

82 3744 217 3800 uunquam
240 3731 336 3783 facturn
357 3740 413 3783 erat
432 3732 520 3799 neque
538 3731 579 3783 soi
599 3732 702 3783 viderat
721 3732 803 3783 talem
815 3731 945 3782 iniuriam.
966 3732 1064 3782 etenim
1082 3732 1105 3783 si
1125 3733 1184 3801 quis
1260 3740 1264 3749 '

82 3801 287 3855 denuntiabatur
301 3803 453 3855 vendidisse
466 3803 535 3862 domi
553 3803 713 3854 frumentum
728 3803 761 3854 e'x
778 3804 812 3854 iis
831 3817 899 3871 quae
910 3817 974 3869 agro
986 3802 1099 3854 coieudo
1118 3819 1182 3871 pro.

85 3872 196 3938 iecerat,
216 3882 340 3942 tanquam
363 3875 520 3926 interfector
540 3874 585 3925 vel
603 3875 671 3925 latro
691 3873 737 3925 vel
756 3876 833 3942 quasi
851 3875 965 3926 immane
984 3874 1047 3941 quid
1057 3877 1183 3943 peregis

84 3953 134 4007 set,
154 3945 370 4011 proscribebatur
381 3952 408 3996 et
426 3945 600 4011 diripiebatur
619 3961 634 3996 a
653 3946 776 4010 praeside
796 3946 895 4011 horrei,
915 3945 1025 3996 aderaut
1044 3947 1114 3997 euim
1133 3948 1183 3999 ad-

84 4016 255 4069 ministratori
277 4016 366 4067 horrei
391 4033 424 4067 ex
443 4017 512 4067 omui
531 4031 633 4100 genere
654 4015 846 4067 scelestorum
844 4017 984 4087 usquead
1010 4026 1114 4069 centum
1134 4034 1184 4085 ap.

85 4088 226 4152 punitores,
247 4090 360 4141 instituti
380 4086 412 4138 ub
439 4104 486 4151 eo,
505 4096 532 4143 ct
550 4090 661 4139 miseros
690 4095 852 4140 mercatores
879 4098 905 4141 ot
936 4089 1069 4155 agricolas
1094 4091 1184 4142 multis

85 4158 216 4213 molestiis
236 4160 445 4213 circumdabunt:
468 4176 556 4229 neque
576 4161 715 4228 quisquam
736 4168 801 4223 eret,
822 4163 866 4228 qui
885 4162 1012 4214 resistere
1032 4162 1074 4212 bis
1093 4169 1185 4244 posset

87 4234 114 4279 et
131 4231 298 4284 multitudino
318 4231 541 4302 impugnabilibus
562 4240 588 4284 ct
605 4231 756 4299 principatu
776 4232 932 4302 logothetae
942 4233 1102 4287 audactam
1095 4246 1182 4299 ampo·
1354 4242 1384 4294 ο
