2834 4750
519 253 728 323 armona.
783 258 785 262 ’
1104 249 1176 328 aaa
1240 200 1250 211 ”

50 426 202 493 ὄνίσκον
234 425 409 510 Τουρνακδν
438 424 653 510 δφελδμενος,
689 425 844 512 παρήχθη
866 429 927 510 μὲν
949 430 1017 492 κατ’
1040 420 1118 510 ὄψιν
1136 430 1183 517 cpi

50 534 207 612 βασιλεῖ
232 525 418 608 δεδεμένος,
444 534 581 650 τιμωρία
610 529 637 592 δ’
670 531 889 651 ἐψηφίσθη
871 531 929 593 τοῦ
950 525 1178 614 ἁμαρτήματος
1229 567 1232 570 ·

51 629 326 752 ὑπερφέρουσα·
381 624 418 690 οὐ
441 629 502 710 γάρ
525 631 558 692 ἐν
580 628 744 713 χρήμασιν
768 629 912 714 ῆζημία
935 626 1084 712 διάριστο
1107 629 1177 694 a’tt’

57 733 106 794 ἐν
137 728 228 815 ῥινὸς
252 729 381 814 ἐκτομῇ.
424 725 525 792 πολλά
549 731 584 793 δὲ
608 732 884 813 παρακαλέσαντος
907 729 966 794 rori
988 724 1174 812 οἷνθράαου,

14 831 131 895 bunt
156 829 260 894 πάντα
283 825 321 894 τά
346 825 462 893 ἑαυτοῦ
482 832 670 911 προεμένου,
694 833 750 894 καί
766 833 1027 913 προβαλλομένου
1047 830 1177 913 μεσίτην

54 931 132 1015 τὴν
165 925 342 994 πάνσεπτον
368 927 473 994 εἰκόνα
506 934 562 1014 τῆς
596 922 805 1013 πανυμνάτου
830 930 995 1013 δεσποίνης
1026 927 1173 992 θεοτδκου

53 1034 130 1115 τῆς
152 1032 443 1114 Βλαχερνιτισσης,
476 1024 544 1114 ἥτις
571 1026 679 1095 είάθει
701 1037 765 1104 τοῖς
792 1037 912 1105 πιστοῖς
932 1033 1120 1111 βασιλεῦσιν
1143 1029 1179 1094 δν

57 1133 294 1214 ἐκστρατειαις
315 1129 358 1204 ὥς
378 1125 628 1215 άπροσμάχητον
644 1123 741 1194 ὅπλον
757 1133 1100 1213 συνεκστρατεάεσθαι,
1123 1129 1179 1193 oria

58 1231 177 1314 εἰσήει
209 1223 309 1306 οἶκτος
337 1233 380 1317 τῷ
408 1235 551 1312 βασιλεῖ,
574 1231 642 1294 o‘ll’
665 1231 734 1293 οὐδ’
762 1228 861 1307 αἰδώς
881 1233 935 1314 τῆς
956 1233 990 1296 εἰι
1010 1234 1067 1295 τοῦ
1090 1233 1179 1295 θείου
1271 1272 1276 1282 ·
1304 1243 1309 1255 '

6 1337 48 1389 10
61 1333 295 1412 εἰκονίσματος
326 1330 476 1405 ἀσυλίας·
529 1332 665 1414 ὁρῶντος
699 1334 728 1395 δ’
762 1332 863 1396 critob
894 1334 949 1396 κατ’
971 1330 1183 1411 πάντων,καί

61 1429 179 1512 αὐτῆς
202 1435 256 1513 τῆς
275 1428 395 1505 εἰκόνος
416 1433 672 1515 βασταζομδνης,
702 1429 872 1516 α’πετμήθη
894 1427 953 1514 τάν
982 1430 1053 1551 pisa
1076 1431 1092 1497 δ
1113 1434 1181 1497 δεί-

64 1536 184 1615 λαιος,
213 1526 331 1615 κράξας
357 1535 439 1614 μέγα
469 1554 522 1594 και
554 1527 702 1610 στενάξας
734 1529 769 1595 τά
790 1527 916 1612 βύθιον.
960 1530 1030 1596 τότε
1053 1530 1092 1617 δὴ
1113 1528 1181 1598 τότε

61 1627 257 1717 μεγάλην
238 1638 315 1713 ημῖν
336 1628 467 1696 ἔσεσθαι
502 1630 558 1717 τήν
590 1633 624 1697 ἐκ
645 1655 702 1696 του
737 1635 826 1696 θείου
849 1637 975 1714 νέμεσιν
998 1655 1180 1719 προαττευ-

65 1730 182 1816 σάμην
205 1733 311 1808 αδτδς.

14 1857 53 1910 15
173 1827 429 1918 Ἀνιεισαμαμοδν
465 1836 499 1900 δὲ
525 1839 570 1918 εἰς
597 1833 631 1901 τδ
665 1827 747 1900 άστο
778 1839 899 1919 πλῆθος
923 1831 1103 1915 Ῥωμαικὸν
1127 1857 1180 1898 και

66 1932 252 2019 στρατηγὸν
274 1931 453 2058 ἐπιστάσας,
479 1939 657 2019 ἐπανῆλθεν
686 1938 732 2011 εἰς
755 1961 811 2021 ara
844 1931 1058 2056 παρεμβολήν,
1081 1929 1180 1997 παιά-

67 2057 142 2108 νοις
173 2039 227 2100 καί
259 2036 436 2120 εὐφημίαις
464 2061 517 2101 και
540 2047 705 2120 νικητικοῖς
735 2039 960 2122 δπιφανὴμασι
981 2035 1180 2153 σεμνυνόμε-

69 2157 139 2208 νος.
180 2162 218 2218 τη
206 2139 303 2199 δ”
288 2136 440 2220 επαάριον
460 2139 635 2218 μέλλοντος
656 2139 757 2201 αὐτοῦ
777 2133 1023 2255 συνθάμασιν’
1007 2157 1179 2221 εγγραφοις

70 2257 129 2299 και
153 2235 277 2324 δαπάνῃ
299 2261 380 2300 ταν
372 2234 473 2300 ἔνδον
494 2238 717 2319 καιοχυρῶσαι
751 2235 785 2300 τὸ
812 2238 968 2322 φρούριον
989 2259 1042 2300 και
1064 2238 1178 2305 ου’τίκα

22 2338 154 2423 σαπρὸς
175 2331 337 2402 τδΧλίατ
360 2336 581 2422 ἀναδραμεῖν,
616 2336 708 2423 φήμη
732 2361 779 2412 τις
802 2338 989 2424 ε’πεφοίτησε
1010 2338 1178 2419 πολεμίους

73 2439 175 2502 ποθὲν
196 2440 382 2523 ἐπιτεθῆναι
404 2448 467 2513 τοῖς
489 2440 534 2513 εἰς
548 2435 604 2523 τάν
626 2440 715 2503 λείαν
733 2441 851 2519 ἐξιοῦσι
873 2438 1076 2523 στρατιωτῶν
1095 2439 1180 2520 ὑπη-

75 2544 184 2625 ρέταις
206 2543 548 2624 τιροσαπαμγέλλουσα,
570 2544 624 2603 κατ’
645 2539 867 2624 διαταράττειν
895 2537 953 2602 καί
971 2535 1180 2623 κατατρδχειν

76 2640 207 2717 αὐτούς.
251 2639 439 2726 φθανοιίσης
460 2642 495 2706 δδ
516 2640 571 2727 τὴν
593 2638 704 2727 ἑτέραν
728 2639 854 2728 ἑτέρας,
876 2637 965 2729 pit»,
987 2640 1004 2706 δ
1026 2636 1179 2722 βασιλεδς

151 2827 176 2877 5.
201 2840 235 2878 an
252 2824 389 2899 μεσῖτινθ
480 2828 521 2881 13.
540 2790 810 2901 προαπτευσδμηνθ

79 3012 167 3067 poena
186 3006 273 3050 autem
292 3007 387 3052 statuta
407 3008 447 3053 est
464 3008 575 3069 peccato
595 3002 696 3052 maior·
723 3015 811 3069 neque
831 3000 901 3051 eninr
927 2998 1027 3053 mulcta
1044 2998 1179 3066 punieba-

79 3081 132 3136 tur,
152 3071 197 3122 sed
225 3070 333 3122 naribus
351 3072 554 3125 abscindendis:
574 3089 633 3123 cum
651 3087 718 3124 vero
739 3072 849 3123 multum
867 3078 990 3138 precatus
1011 3078 1082 3122 esset
1101 3070 1179 3120 bomo

81 3151 109 3193 et
128 3143 214 3193 onrnia
233 3157 280 3193 sua
301 3145 446 3209 proliceret
465 3154 491 3196 et
510 3145 707 3228 protenderet
700 3143 842 3211 maginem
862 3142 1109 3194 reverendissimam
1129 3140 1180 3191 do-

80 3214 165 3265 minae
191 3211 399 3266 blachernensis
424 3217 481 3273 dei
495 3218 584 3267 matris
608 3216 767 3282 hymnisque
793 3213 961 3276 celebratae,
987 3228 1055 3282 quae
1075 3211 1180 3278 quidem

81 3282 184 3336 solebat
207 3299 265 3335 cum
285 3286 408 3338 fidelibus
429 3266 569 3355 regibus
562 3302 589 3336 rn
616 3286 829 3353 expeditionibus
854 3286 928 3354 quasi
949 3286 1077 3336 invictum
1098 3281 1180 3334 telum

81 3355 232 3433 proticisci,
258 3363 346 3408 tamen
371 3373 424 3409 non
444 3359 555 3410 incessit
572 3358 755 3409 misericordia
781 3373 891 3426 regem,
909 3356 958 3407 sed
975 3372 1010 3406 ne
1028 3354 1195 3407 reverentia.

82 3426 184 3494 quidem
216 3422 369 3495 εοῐιμιίιεῑίε
404 3430 511 3481 divinae
542 3430 688 3497 imaginis·
719 3430 747 3479 in
776 3436 922 3496 conspectu
952 3435 1039 3479 autem
1071 3426 1129 3475 eius
1154 3428 1182 3473 et

83 3499 196 3549 omnium
221 3506 301 3568 atque
327 3501 419 3551 adeo'
413 3502 496 3566 ipsius
519 3501 642 3570 imaginis
661 3509 747 3552 tactae
766 3500 847 3553 miser
864 3499 973 3551 naribus
991 3497 1113 3563 privatus
1131 3501 1180 3558 est,

83 3584 201 3638 magnum
230 3569 329 3621 tollens
361 3570 504 3622 clamorem
536 3581 562 3623 et
589 3588 622 3622 cx
648 3573 704 3624 alto
728 3580 837 3640 pectore
869 3571 1014 3637 suspirans.
1042 3576 1095 3618 tum
1114 3579 1180 3617 vero

85 3640 203 3707 equidem
220 3656 340 3710 magnam
359 3640 436 3692 nobis
456 3642 583 3695 ultionem
602 3659 617 3693 a
636 3645 686 3695 deo
707 3646 862 3695 eventuram
881 3658 940 3694 cssc
959 3640 1094 3692 divinatus
1114 3654 1179 3688 sum.

153 3728 237 3791 Quum
255 3746 321 3781 vero
338 3730 498 3783 Graecorum
517 3732 736 3784 multitudinem*
728 3750 756 3784 rn
776 3732 866 3785 urbem
883 3731 1069 3783 induxissetct
1087 3728 1180 3779 ducem

86 3802 117 3851 iis
135 3799 323 3864 praefecisset,
349 3804 376 3854 in
396 3809 482 3853 castra
500 3804 594 3867 rediit,
620 3805 766 3870 paeanibus
786 3812 813 3853 et
831 3802 951 3853 cantibus
971 3816 1002 3851 ac
1022 3798 1180 3851 carminibus

86 3869 283 3936 triumphalibus
311 3872 480 3924 celebratus:
499 3882 607 3939 postero
627 3884 714 3926 autern
733 3876 776 3925 die
798 3890 855 3924 curn
882 3870 1050 3940 pactionibus
1074 3871 1180 3937 scriptis

87 3957 116 3992 ac
133 3940 274 4023 largitione
294 3944 440 3996 incolarum
461 3942 600 4009 castellum
627 3946 677 3996 sibi
712 3944 857 3997 conciliare
884 3951 910 3993 et
936 3943 1022 3994 statim
1047 3941 1180 3995 Gbliatum
1224 4004 1226 4008 ⁷

87 4013 182 4063 reverti
201 4011 297 4080 vellet,
318 4016 384 4066 lama
404 4015 566 4081 percrebuit,
587 4015 678 4067 hostes
698 4016 798 4067 alicubi
818 4017 917 4066 instare
936 4016 1022 4066 servis
1042 4016 1111 4064 inter
1127 4012 1181 4062 rni-

88 4081 145 4135 lites
162 4084 304 4149 praedandi
324 4102 403 4139 causa
421 4088 539 4155 egressis
567 4102 677 4156 eosque.
692 4087 848 4155 dispergere
873 4103 904 4137 ac
927 4086 1049 4156 perdere,
1087 4086 1180 4135 nuntio

90 4160 169 4205 autom
187 4156 280 4212 nuntio
300 4156 414 4211 instante
433 4174 482 4210 rex
507 4158 599 4213 ducem
619 4156 716 4214 sultani
737 4159 865 4227 quendam
884 4175 943 4213 cunr
963 4158 1181 4225 exercitusparte
