<?xml version="1.0" encoding="UTF-8"?>
<!DOCTYPE html PUBLIC "-//W3C//DTD XHTML 1.0 Transitional//EN"
    "http://www.w3.org/TR/xhtml1/DTD/xhtml1-transitional.dtd">
<html xmlns="http://www.w3.org/1999/xhtml" xml:lang="en" lang="en">
 <head>
  <title>
</title>
<meta http-equiv="Content-Type" content="text/html;charset=utf-8" />
  <meta name='ocr-system' content='tesseract 3.04.00' />
  <meta name='ocr-capabilities' content='ocr_page ocr_carea ocr_par ocr_line ocrx_word'/>
</head>
<body>
  <div class='ocr_page' id='page_1' title='image "./corpusscriptoru24theogoog/corpusscriptoru24theogoog_0256.png"; bbox 0 0 2834 4750; ppageno 0'>
   <div class='ocr_carea' id='block_1_1' title="bbox 232 239 1033 324">
    <p class='ocr_par' dir='ltr' id='par_1_1' title="bbox 232 239 1033 324">
     <span class='ocr_line' id='line_1_1' title="bbox 232 239 1033 324; baseline -0.016 0"><span class='ocrx_word' id='word_1_1' title='bbox 232 247 307 324; x_wconf 70' lang='lat'><strong><em>22⁰</em></strong></span> <span class='ocrx_word' id='word_1_2' title='bbox 527 241 744 317; x_wconf 75' lang='lat' dir='ltr'><strong>menimis</strong></span> <span class='ocrx_word' id='word_1_3' title='bbox 775 239 1033 314; x_wconf 72' lang='lat' dir='ltr'><strong>immorari</strong></span> 
     </span>
    </p>
   </div>
   <div class='ocr_carea' id='block_1_2' title="bbox 90 407 1378 2825">
    <p class='ocr_par' dir='ltr' id='par_1_2' title="bbox 90 407 1378 2825">
     <span class='ocr_line' id='line_1_2' title="bbox 231 407 1361 498; baseline -0.012 -13"><span class='ocrx_word' id='word_1_4' title='bbox 231 415 286 486; x_wconf 85' lang='grc' dir='ltr'><strong><em>τόν</em></strong></span> <span class='ocrx_word' id='word_1_5' title='bbox 308 411 471 498; x_wconf 85' lang='grc' dir='ltr'><strong><em>Περσικόν</em></strong></span> <span class='ocrx_word' id='word_1_6' title='bbox 503 411 637 476; x_wconf 75' lang='grc' dir='ltr'><strong><em>πλοῦτον</em></strong></span> <span class='ocrx_word' id='word_1_7' title='bbox 666 411 832 494; x_wconf 23' lang='grc' dir='ltr'><strong><em>ἒντεύθεν,</em></strong></span> <span class='ocrx_word' id='word_1_8' title='bbox 849 407 1037 492; x_wconf 72' lang='grc' dir='ltr'><strong><em>συναγαγών</em></strong></span> <span class='ocrx_word' id='word_1_9' title='bbox 1072 407 1158 473; x_wconf 74' lang='grc' dir='ltr'><strong><em>οὐδὲ</em></strong></span> <span class='ocrx_word' id='word_1_10' title='bbox 1179 410 1291 492; x_wconf 79' lang='grc' dir='ltr'><strong><em>μέχρι</em></strong></span> <span class='ocrx_word' id='word_1_11' title='bbox 1314 411 1361 472; x_wconf 78' lang='grc' dir='ltr'><strong><em>κατ’</em></strong></span> 
     </span>
     <span class='ocr_line' id='line_1_3' title="bbox 233 505 1361 598; baseline -0.01 -14"><span class='ocrx_word' id='word_1_12' title='bbox 233 515 416 598; x_wconf 76' lang='grc' dir='ltr'><strong><em>ύιιπούματος</em></strong></span> <span class='ocrx_word' id='word_1_13' title='bbox 449 515 575 597; x_wconf 81' lang='grc' dir='ltr'><em>χρυσοῦ</em></span> <span class='ocrx_word' id='word_1_14' title='bbox 602 505 622 595; x_wconf 77' lang='grc' dir='ltr'><em>ἢ</em></span> <span class='ocrx_word' id='word_1_15' title='bbox 646 513 792 594; x_wconf 80' lang='grc' dir='ltr'><strong><em>α’ργορού</em></strong></span> <span class='ocrx_word' id='word_1_16' title='bbox 814 511 859 586; x_wconf 85' lang='grc' dir='ltr'><strong><em>είς</em></strong></span> <span class='ocrx_word' id='word_1_17' title='bbox 889 508 946 574; x_wconf 86' lang='grc' dir='ltr'><strong><em>τόν</em></strong></span> <span class='ocrx_word' id='word_1_18' title='bbox 966 508 1050 575; x_wconf 87' lang='grc' dir='ltr'><strong><em>ἴδιον</em></strong></span> <span class='ocrx_word' id='word_1_19' title='bbox 1071 513 1150 592; x_wconf 83' lang='grc' dir='ltr'><strong><em>βίον</em></strong></span> <span class='ocrx_word' id='word_1_20' title='bbox 1173 508 1361 592; x_wconf 79' lang='grc' dir='ltr'><strong><em>εἰσήγαγεν,</em></strong></span> 
     </span>
     <span class='ocr_line' id='line_1_4' title="bbox 233 606 1361 702; baseline -0.007 -20"><span class='ocrx_word' id='word_1_21' title='bbox 233 614 314 682; x_wconf 82' lang='grc' dir='ltr'><strong><em>οἶλλό</em></strong></span> <span class='ocrx_word' id='word_1_22' title='bbox 337 615 443 680; x_wconf 77' lang='grc' dir='ltr'><strong><em>πάντα</em></strong></span> <span class='ocrx_word' id='word_1_23' title='bbox 465 617 503 702; x_wconf 77' lang='grc' dir='ltr'><strong><em>τῇ</em></strong></span> <span class='ocrx_word' id='word_1_24' title='bbox 526 615 617 677; x_wconf 88' lang='grc' dir='ltr'><strong><em>πόλει</em></strong></span> <span class='ocrx_word' id='word_1_25' title='bbox 639 612 702 676; x_wconf 81' lang='grc' dir='ltr'><strong><em>Ικαί</em></strong></span> <span class='ocrx_word' id='word_1_26' title='bbox 723 613 767 701; x_wconf 73' lang='grc' dir='ltr'><strong><em>τῷ</em></strong></span> <span class='ocrx_word' id='word_1_27' title='bbox 787 612 891 701; x_wconf 82' lang='grc' dir='ltr'><strong><em>φίσκηι</em></strong></span> <span class='ocrx_word' id='word_1_28' title='bbox 922 612 1126 696; x_wconf 76' lang='grc' dir='ltr'><strong><em>προσήνεγκε,</em></strong></span> <span class='ocrx_word' id='word_1_29' title='bbox 1153 613 1199 674; x_wconf 83' lang='grc' dir='ltr'><strong><em>δι’</em></strong></span> <span class='ocrx_word' id='word_1_30' title='bbox 1226 606 1361 691; x_wconf 78' lang='grc' dir='ltr'><strong><em>ἇμαξιύν</em></strong></span> 
     </span>
     <span class='ocr_line' id='line_1_5' title="bbox 232 711 1362 801; baseline -0.004 -20"><span class='ocrx_word' id='word_1_31' title='bbox 232 721 398 801; x_wconf 74' lang='grc' dir='ltr'><strong><em>δισχιλίων</em></strong></span> <span class='ocrx_word' id='word_1_32' title='bbox 421 713 459 781; x_wconf 86' lang='grc' dir='ltr'><strong><em>τό</em></strong></span> <span class='ocrx_word' id='word_1_33' title='bbox 483 714 614 801; x_wconf 80' lang='grc' dir='ltr'><strong><em>λάφυρα</em></strong></span> <span class='ocrx_word' id='word_1_34' title='bbox 636 711 739 778; x_wconf 81' lang='grc' dir='ltr'><strong><em>πάντα</em></strong></span> <span class='ocrx_word' id='word_1_35' title='bbox 761 721 827 788; x_wconf 84' lang='grc' dir='ltr'><strong><em>τοῖς</em></strong></span> <span class='ocrx_word' id='word_1_36' title='bbox 860 716 1002 788; x_wconf 75' lang='grc' dir='ltr'><strong><em>πολίταις</em></strong></span> <span class='ocrx_word' id='word_1_37' title='bbox 1026 715 1286 790; x_wconf 79' lang='grc' dir='ltr'><strong><em>καθυποδείξας</em></strong></span> <span class='ocrx_word' id='word_1_38' title='bbox 1306 716 1362 776; x_wconf 88' lang='grc' dir='ltr'><strong><em>καί</em></strong></span> 
     </span>
     <span class='ocr_line' id='line_1_6' title="bbox 232 811 1376 902; baseline -0.006 -18"><span class='ocrx_word' id='word_1_39' title='bbox 232 819 285 884; x_wconf 83' lang='grc' dir='ltr'><strong><em>διό</em></strong></span> <span class='ocrx_word' id='word_1_40' title='bbox 307 820 362 902; x_wconf 76' lang='grc' dir='ltr'><strong><em>τῆς</em></strong></span> <span class='ocrx_word' id='word_1_41' title='bbox 383 819 502 902; x_wconf 74' lang='grc' dir='ltr'><strong><em>α’γορᾶς</em></strong></span> <span class='ocrx_word' id='word_1_42' title='bbox 522 820 752 902; x_wconf 90' lang='grc' dir='ltr'><strong><em>προεκκομίσας</em></strong></span> <span class='ocrx_word' id='word_1_43' title='bbox 770 819 816 890; x_wconf 86' lang='grc' dir='ltr'><strong><em>εἰς</em></strong></span> <span class='ocrx_word' id='word_1_44' title='bbox 833 813 870 878; x_wconf 86' lang='grc' dir='ltr'><strong><em>τό</em></strong></span> <span class='ocrx_word' id='word_1_45' title='bbox 894 815 1065 899; x_wconf 85' lang='grc' dir='ltr'><strong><em>δημόσιον,</em></strong></span> <span class='ocrx_word' id='word_1_46' title='bbox 1088 813 1150 880; x_wconf 85' lang='grc' dir='ltr'>καί</span> <span class='ocrx_word' id='word_1_47' title='bbox 1171 818 1274 880; x_wconf 80' lang='grc' dir='ltr'><strong><em>τοῦτο</em></strong></span> <span class='ocrx_word' id='word_1_48' title='bbox 1295 811 1376 896; x_wconf 67' lang='lat' dir='ltr'><strong>ped-5</strong></span> 
     </span>
     <span class='ocr_line' id='line_1_7' title="bbox 230 914 1354 1004; baseline -0.004 -19"><span class='ocrx_word' id='word_1_49' title='bbox 230 942 285 986; x_wconf 87' lang='grc' dir='ltr'><strong><em>νον</em></strong></span> <span class='ocrx_word' id='word_1_50' title='bbox 309 916 468 1004; x_wconf 74' lang='grc' dir='ltr'><strong><em>κερδήσας</em></strong></span> <span class='ocrx_word' id='word_1_51' title='bbox 487 921 549 984; x_wconf 76' lang='grc' dir='ltr'><strong><em>τῶν</em></strong></span> <span class='ocrx_word' id='word_1_52' title='bbox 570 914 718 982; x_wconf 79' lang='grc' dir='ltr'><strong><em>τοιούτων</em></strong></span> <span class='ocrx_word' id='word_1_53' title='bbox 747 921 918 1002; x_wconf 87' lang='grc' dir='ltr'><strong><em>τροπαίων,</em></strong></span> <span class='ocrx_word' id='word_1_54' title='bbox 940 915 973 980; x_wconf 88' lang='grc' dir='ltr'><strong><em>τὸ</em></strong></span> <span class='ocrx_word' id='word_1_55' title='bbox 996 915 1078 998; x_wconf 74' lang='grc' dir='ltr'><strong><em>μετὰ</em></strong></span> <span class='ocrx_word' id='word_1_56' title='bbox 1106 918 1241 1002; x_wconf 84' lang='grc' dir='ltr'><strong><em>δίφρου</em></strong></span> <span class='ocrx_word' id='word_1_57' title='bbox 1264 922 1354 999; x_wconf 76' lang='grc' dir='ltr'><strong><em>βασι-</em></strong></span> 
     </span>
     <span class='ocr_line' id='line_1_8' title="bbox 231 1017 1355 1102; baseline -0.009 -14"><span class='ocrx_word' id='word_1_58' title='bbox 231 1022 322 1088; x_wconf 86' lang='grc' dir='ltr'><strong><em>λικού</em></strong></span> <span class='ocrx_word' id='word_1_59' title='bbox 343 1017 423 1084; x_wconf 70' lang='lat' dir='ltr'><strong>sard</strong></span> <span class='ocrx_word' id='word_1_60' title='bbox 445 1018 479 1085; x_wconf 88' lang='grc' dir='ltr'><strong><em>τό</em></strong></span> <span class='ocrx_word' id='word_1_61' title='bbox 505 1021 686 1100; x_wconf 73' lang='grc' dir='ltr'><strong><em>εἰθισμένον</em></strong></span> <span class='ocrx_word' id='word_1_62' title='bbox 709 1023 865 1101; x_wconf 77' lang='grc' dir='ltr'><em>λαμπρῶς</em></span> <span class='ocrx_word' id='word_1_63' title='bbox 885 1019 1120 1102; x_wconf 77' lang='grc' dir='ltr'><strong><em>θριαμβεῦσαι,</em></strong></span> <span class='ocrx_word' id='word_1_64' title='bbox 1145 1040 1355 1101; x_wconf 83' lang='grc' dir='ltr'><strong><em>προπορευο-</em></strong></span> 
     </span>
     <span class='ocr_line' id='line_1_9' title="bbox 231 1111 1354 1206; baseline -0.004 -21"><span class='ocrx_word' id='word_1_65' title='bbox 231 1123 335 1202; x_wconf 80' lang='grc' dir='ltr'><strong><em>μύνων</em></strong></span> <span class='ocrx_word' id='word_1_66' title='bbox 356 1119 460 1184; x_wconf 82' lang='grc' dir='ltr'><strong><em>αύτού</em></strong></span> <span class='ocrx_word' id='word_1_67' title='bbox 482 1121 546 1184; x_wconf 69' lang='grc' dir='ltr'><strong><em>τοῖν</em></strong></span> <span class='ocrx_word' id='word_1_68' title='bbox 571 1117 732 1186; x_wconf 78' lang='grc' dir='ltr'><strong><em>τοσούτων</em></strong></span> <span class='ocrx_word' id='word_1_69' title='bbox 747 1118 914 1206; x_wconf 83' lang='grc' dir='ltr'><strong><em>λαφύρων,</em></strong></span> <span class='ocrx_word' id='word_1_70' title='bbox 938 1119 994 1181; x_wconf 88' lang='grc' dir='ltr'><strong><em>καί</em></strong></span> <span class='ocrx_word' id='word_1_71' title='bbox 1014 1121 1188 1199; x_wconf 78' lang='grc' dir='ltr'><strong><em>προσεχαῖς</em></strong></span> <span class='ocrx_word' id='word_1_72' title='bbox 1208 1119 1275 1182; x_wconf 85' lang='grc' dir='ltr'><strong><em>τού</em></strong></span> <span class='ocrx_word' id='word_1_73' title='bbox 1295 1111 1354 1201; x_wconf 77' lang='grc' dir='ltr'><strong><em>όρ-</em></strong></span> 
     </span>
     <span class='ocr_line' id='line_1_10' title="bbox 229 1212 1349 1300; baseline -0.002 -16"><span class='ocrx_word' id='word_1_74' title='bbox 229 1243 327 1300; x_wconf 83' lang='grc' dir='ltr'><strong><em>ματος</em></strong></span> <span class='ocrx_word' id='word_1_75' title='bbox 347 1223 411 1284; x_wconf 83' lang='grc' dir='ltr'><strong><em>τιόν</em></strong></span> <span class='ocrx_word' id='word_1_76' title='bbox 433 1245 468 1284; x_wconf 89' lang='grc' dir='ltr'><strong><em>τε</em></strong></span> <span class='ocrx_word' id='word_1_77' title='bbox 492 1212 597 1284; x_wconf 70' lang='grc' dir='ltr'><strong><em>ἄλλων</em></strong></span> <span class='ocrx_word' id='word_1_78' title='bbox 619 1219 768 1300; x_wconf 76' lang='grc' dir='ltr'><strong><em>ἐκκρίτων</em></strong></span> <span class='ocrx_word' id='word_1_79' title='bbox 789 1217 993 1284; x_wconf 82' lang='grc' dir='ltr'><strong><em>Μακεδόνων</em></strong></span> <span class='ocrx_word' id='word_1_80' title='bbox 1015 1222 1069 1281; x_wconf 75' lang='grc' dir='ltr'><strong><em>κατ’</em></strong></span> <span class='ocrx_word' id='word_1_81' title='bbox 1089 1221 1151 1281; x_wconf 81' lang='grc' dir='ltr'><strong><em>τού</em></strong></span> <span class='ocrx_word' id='word_1_82' title='bbox 1177 1220 1349 1300; x_wconf 57' lang='grc' dir='ltr'><strong><em>αἰχμαλω</em></strong></span> 
     </span>
     <span class='ocr_line' id='line_1_11' title="bbox 152 1317 1378 1403; baseline -0.001 -17"><span class='ocrx_word' id='word_1_83' title='bbox 152 1355 156 1361; x_wconf 93' lang='grc'><strong><em>·</em></strong></span> <span class='ocrx_word' id='word_1_84' title='bbox 229 1323 389 1396; x_wconf 71' lang='grc' dir='ltr'><strong><em>τισδύντος</em></strong></span> <span class='ocrx_word' id='word_1_85' title='bbox 409 1323 567 1402; x_wconf 77' lang='grc' dir='ltr'><strong><em>βασιλέως</em></strong></span> <span class='ocrx_word' id='word_1_86' title='bbox 592 1319 691 1384; x_wconf 85' lang='grc' dir='ltr'><strong><em>αύτού</em></strong></span> <span class='ocrx_word' id='word_1_87' title='bbox 713 1317 752 1403; x_wconf 77' lang='grc' dir='ltr'><strong><em>δη</em></strong></span> <span class='ocrx_word' id='word_1_88' title='bbox 775 1321 834 1384; x_wconf 83' lang='grc' dir='ltr'><strong><em>τού</em></strong></span> <span class='ocrx_word' id='word_1_89' title='bbox 858 1321 1013 1400; x_wconf 81' lang='grc' dir='ltr'><strong><em>Περσέως</em></strong></span> <span class='ocrx_word' id='word_1_90' title='bbox 1043 1317 1125 1400; x_wconf 86' lang='grc' dir='ltr'><strong><em>μετοὶ</em></strong></span> <span class='ocrx_word' id='word_1_91' title='bbox 1151 1321 1280 1384; x_wconf 84' lang='grc' dir='ltr'><strong><em>τέκνων</em></strong></span> <span class='ocrx_word' id='word_1_92' title='bbox 1301 1321 1378 1386; x_wconf 73' lang='lat' dir='ltr'><strong>anili</strong></span> 
     </span>
     <span class='ocr_line' id='line_1_12' title="bbox 230 1416 1350 1506; baseline -0.001 -20"><span class='ocrx_word' id='word_1_93' title='bbox 230 1425 388 1506; x_wconf 82' lang='grc' dir='ltr'><strong><em>γυναικός,</em></strong></span> <span class='ocrx_word' id='word_1_94' title='bbox 412 1425 452 1485; x_wconf 84' lang='grc' dir='ltr'><strong><em>ου’</em></strong></span> <span class='ocrx_word' id='word_1_95' title='bbox 465 1421 527 1506; x_wconf 72' lang='grc' dir='ltr'><strong><em>γάρ</em></strong></span> <span class='ocrx_word' id='word_1_96' title='bbox 544 1419 624 1505; x_wconf 87' lang='grc' dir='ltr'><strong><em>πρός</em></strong></span> <span class='ocrx_word' id='word_1_97' title='bbox 638 1417 788 1504; x_wconf 78' lang='grc' dir='ltr'><strong><em>α’ργύριον</em></strong></span> <span class='ocrx_word' id='word_1_98' title='bbox 803 1418 857 1484; x_wconf 85' lang='grc' dir='ltr'><strong><em>καί</em></strong></span> <span class='ocrx_word' id='word_1_99' title='bbox 871 1416 1008 1484; x_wconf 89' lang='grc' dir='ltr'><strong><em>πλούτου</em></strong></span> <span class='ocrx_word' id='word_1_100' title='bbox 1030 1421 1197 1504; x_wconf 80' lang='grc' dir='ltr'><strong><em>ἐπίκτησιν</em></strong></span> <span class='ocrx_word' id='word_1_101' title='bbox 1212 1418 1249 1485; x_wconf 82' lang='grc' dir='ltr'><strong><em>οἱ</em></strong></span> <span class='ocrx_word' id='word_1_102' title='bbox 1261 1421 1350 1505; x_wconf 78' lang='grc' dir='ltr'><strong><em>εύγε-</em></strong></span> 
     </span>
     <span class='ocr_line' id='line_1_13' title="bbox 232 1520 1347 1604; baseline -0.002 -18"><span class='ocrx_word' id='word_1_103' title='bbox 232 1520 545 1602; x_wconf 76' lang='grc' dir='ltr'><strong><em>νίστατοιῬωμαῖοι</em></strong></span> <span class='ocrx_word' id='word_1_104' title='bbox 567 1520 602 1585; x_wconf 83' lang='grc' dir='ltr'><strong><em>τό</em></strong></span> <span class='ocrx_word' id='word_1_105' title='bbox 625 1526 695 1584; x_wconf 82' lang='grc' dir='ltr'><strong><em>κατ’</em></strong></span> <span class='ocrx_word' id='word_1_106' title='bbox 718 1521 816 1584; x_wconf 73' lang='grc' dir='ltr'><strong><em>ἐκεῖνο</em></strong></span> <span class='ocrx_word' id='word_1_107' title='bbox 835 1521 949 1604; x_wconf 84' lang='grc' dir='ltr'><strong><em>καιρού</em></strong></span> <span class='ocrx_word' id='word_1_108' title='bbox 969 1522 1173 1604; x_wconf 74' lang='grc' dir='ltr'><strong><em>ἠγωνίζοντο,</em></strong></span> <span class='ocrx_word' id='word_1_109' title='bbox 1195 1520 1288 1585; x_wconf 78' lang='grc' dir='ltr'><strong><em>α’λλιὶ</em></strong></span> <span class='ocrx_word' id='word_1_110' title='bbox 1312 1525 1347 1584; x_wconf 84' lang='grc' dir='ltr'><strong><em>δι’</em></strong></span> 
     </span>
     <span class='ocr_line' id='line_1_14' title="bbox 229 1614 1346 1710; baseline -0.001 -25"><span class='ocrx_word' id='word_1_111' title='bbox 229 1614 371 1686; x_wconf 85' lang='grc' dir='ltr'><strong><em>εύκλειαν</em></strong></span> <span class='ocrx_word' id='word_1_112' title='bbox 392 1621 492 1706; x_wconf 90' lang='grc' dir='ltr'><strong><em>μόνην</em></strong></span> <span class='ocrx_word' id='word_1_113' title='bbox 514 1623 570 1686; x_wconf 82' lang='grc' dir='ltr'><strong><em>καί</em></strong></span> <span class='ocrx_word' id='word_1_114' title='bbox 591 1619 742 1704; x_wconf 73' lang='grc' dir='ltr'><strong><em>ἀνδρείας</em></strong></span> <span class='ocrx_word' id='word_1_115' title='bbox 762 1624 911 1698; x_wconf 76' lang='grc' dir='ltr'><strong><em>ἐπίδειξιν</em></strong></span> <span class='ocrx_word' id='word_1_116' title='bbox 931 1623 988 1685; x_wconf 82' lang='grc' dir='ltr'><strong><em>καί</em></strong></span> <span class='ocrx_word' id='word_1_117' title='bbox 1006 1625 1063 1705; x_wconf 80' lang='grc' dir='ltr'><strong><em>τῆς</em></strong></span> <span class='ocrx_word' id='word_1_118' title='bbox 1082 1621 1170 1695; x_wconf 80' lang='grc' dir='ltr'><strong><em>ἰδίας</em></strong></span> <span class='ocrx_word' id='word_1_119' title='bbox 1188 1623 1346 1710; x_wconf 83' lang='grc' dir='ltr'><strong><em>πατρίδος</em></strong></span> 
     </span>
     <span class='ocr_line' id='line_1_15' title="bbox 229 1722 760 1810; baseline -0.004 -22"><span class='ocrx_word' id='word_1_120' title='bbox 229 1726 388 1810; x_wconf 89' lang='grc' dir='ltr'><strong><em>σωτηρίαν</em></strong></span> <span class='ocrx_word' id='word_1_121' title='bbox 411 1746 443 1789; x_wconf 88' lang='grc' dir='ltr'><strong><em>τε</em></strong></span> <span class='ocrx_word' id='word_1_122' title='bbox 464 1727 519 1788; x_wconf 90' lang='grc' dir='ltr'><strong><em>καί</em></strong></span> <span class='ocrx_word' id='word_1_123' title='bbox 539 1722 760 1807; x_wconf 89' lang='grc' dir='ltr'><strong><em>λαμπρότητα.</em></strong></span> 
     </span>
     <span class='ocr_line' id='line_1_16' title="bbox 332 1821 1375 1947; baseline -0.006 -55"><span class='ocrx_word' id='word_1_124' title='bbox 332 1822 501 1900; x_wconf 83' lang='grc' dir='ltr'><strong><em>Τοιούτους</em></strong></span> <span class='ocrx_word' id='word_1_125' title='bbox 523 1821 699 1898; x_wconf 74' lang='grc' dir='ltr'><strong><em>κλόδους“</em></strong></span> <span class='ocrx_word' id='word_1_126' title='bbox 681 1852 699 1908; x_wconf 91' lang='grc' dir='ltr'><strong><em>η</em></strong></span> <span class='ocrx_word' id='word_1_127' title='bbox 720 1828 783 1889; x_wconf 75' lang='grc' dir='ltr'><strong><em>τῶν</em></strong></span> <span class='ocrx_word' id='word_1_128' title='bbox 799 1824 1022 1911; x_wconf 79' lang='grc' dir='ltr'><strong><em>Φαβίωνρίζα</em></strong></span> <span class='ocrx_word' id='word_1_129' title='bbox 1038 1832 1241 1947; x_wconf 80' lang='grc' dir='ltr'><strong><em>αεριρανεϊς</em></strong></span> <span class='ocrx_word' id='word_1_130' title='bbox 1265 1829 1345 1891; x_wconf 83' lang='grc' dir='ltr'><strong><em>α’να-</em></strong></span> <span class='ocrx_word' id='word_1_131' title='bbox 1353 1836 1375 1886; x_wconf 84' lang='lat' dir='ltr'><strong><em>ti</em></strong></span> 
     </span>
     <span class='ocr_line' id='line_1_17' title="bbox 90 1919 1343 2013; baseline -0.002 -19"><span class='ocrx_word' id='word_1_132' title='bbox 90 1925 218 1985; x_wconf 71' lang='lat' dir='ltr'><strong>¹·214V·</strong></span> <span class='ocrx_word' id='word_1_133' title='bbox 229 1931 411 2006; x_wconf 85' lang='grc' dir='ltr'><strong><em>δεδωκυῖα,</em></strong></span> <span class='ocrx_word' id='word_1_134' title='bbox 444 1924 573 2013; x_wconf 79' lang='grc' dir='ltr'><strong><em>χρόνοις</em></strong></span> <span class='ocrx_word' id='word_1_135' title='bbox 602 1920 737 2010; x_wconf 85' lang='grc' dir='ltr'><strong><em>ύστερον</em></strong></span> <span class='ocrx_word' id='word_1_136' title='bbox 766 1926 825 1989; x_wconf 86' lang='grc' dir='ltr'><strong><em>οόκ</em></strong></span> <span class='ocrx_word' id='word_1_137' title='bbox 849 1919 962 2008; x_wconf 78' lang='grc' dir='ltr'><strong><em>ὀλίγοις</em></strong></span> <span class='ocrx_word' id='word_1_138' title='bbox 989 1950 1042 1990; x_wconf 88' lang='grc' dir='ltr'><strong><em>και</em></strong></span> <span class='ocrx_word' id='word_1_139' title='bbox 1078 1922 1153 2000; x_wconf 90' lang='grc' dir='ltr'><strong><em>τούς</em></strong></span> <span class='ocrx_word' id='word_1_140' title='bbox 1167 1924 1343 2004; x_wconf 80' lang='grc' dir='ltr'><strong><em>Φωκόδας</em></strong></span> 
     </span>
     <span class='ocr_line' id='line_1_18' title="bbox 228 2021 1343 2151; baseline -0.002 -57"><span class='ocrx_word' id='word_1_141' title='bbox 228 2028 305 2114; x_wconf 79' lang='grc' dir='ltr'><strong><em>ἡμῖν</em></strong></span> <span class='ocrx_word' id='word_1_142' title='bbox 328 2032 533 2113; x_wconf 81' lang='grc' dir='ltr'><strong><em>ἐπιδέδωκεν,</em></strong></span> <span class='ocrx_word' id='word_1_143' title='bbox 563 2021 669 2110; x_wconf 66' lang='grc' dir='ltr'><strong><em>οἵσπερ</em></strong></span> <span class='ocrx_word' id='word_1_144' title='bbox 697 2030 1003 2150; x_wconf 72' lang='grc' dir='ltr'><strong><em>μεταρυτευθὲντας</em></strong></span> <span class='ocrx_word' id='word_1_145' title='bbox 1026 2030 1060 2106; x_wconf 78' lang='grc' dir='ltr'><strong><em>ἐξ</em></strong></span> <span class='ocrx_word' id='word_1_146' title='bbox 1079 2022 1194 2151; x_wconf 74' lang='grc' dir='ltr'><strong><em>ἑτέρας</em></strong></span> <span class='ocrx_word' id='word_1_147' title='bbox 1217 2035 1278 2112; x_wconf 72' lang='grc' dir='ltr'><strong><em>γῆς</em></strong></span> <span class='ocrx_word' id='word_1_148' title='bbox 1300 2052 1343 2103; x_wconf 90' lang='grc' dir='ltr'><strong><em>εις</em></strong></span> 
     </span>
     <span class='ocr_line' id='line_1_19' title="bbox 227 2123 1339 2252; baseline -0.004 -56"><span class='ocrx_word' id='word_1_149' title='bbox 227 2127 375 2213; x_wconf 78' lang='grc' dir='ltr'><strong><em>ειόραν’</em></strong></span> <span class='ocrx_word' id='word_1_150' title='bbox 359 2134 503 2196; x_wconf 83' lang='grc' dir='ltr'><strong><em>επίτοκον</em></strong></span> <span class='ocrx_word' id='word_1_151' title='bbox 526 2151 680 2214; x_wconf 88' lang='grc' dir='ltr'><strong><em>αροοραν.</em></strong></span> <span class='ocrx_word' id='word_1_152' title='bbox 724 2127 744 2212; x_wconf 81' lang='grc' dir='ltr'><em>ἦ</em></span> <span class='ocrx_word' id='word_1_153' title='bbox 765 2153 827 2212; x_wconf 80' lang='grc' dir='ltr'><strong><em>γαρ</em></strong></span> <span class='ocrx_word' id='word_1_154' title='bbox 851 2124 905 2190; x_wconf 88' lang='grc' dir='ltr'><strong><em>διαὶ</em></strong></span> <span class='ocrx_word' id='word_1_155' title='bbox 928 2128 1055 2193; x_wconf 85' lang='grc' dir='ltr'><strong><em>ττόντων</em></strong></span> <span class='ocrx_word' id='word_1_156' title='bbox 1070 2123 1210 2252; x_wconf 84' lang='grc' dir='ltr'><strong><em>οἰκρότης</em></strong></span> <span class='ocrx_word' id='word_1_157' title='bbox 1231 2154 1288 2193; x_wconf 91' lang='grc' dir='ltr'><strong><em>και</em></strong></span> <span class='ocrx_word' id='word_1_158' title='bbox 1307 2130 1339 2194; x_wconf 85' lang='grc' dir='ltr'><strong><em>τὸ</em></strong></span> 
     </span>
     <span class='ocr_line' id='line_1_20' title="bbox 228 2222 1338 2318; baseline 0.002 -24"><span class='ocrx_word' id='word_1_159' title='bbox 228 2253 291 2294; x_wconf 90' lang='grc' dir='ltr'><strong><em>των</em></strong></span> <span class='ocrx_word' id='word_1_160' title='bbox 311 2222 454 2315; x_wconf 75' lang='grc' dir='ltr'><strong><em>πράξεων</em></strong></span> <span class='ocrx_word' id='word_1_161' title='bbox 474 2232 623 2317; x_wconf 79' lang='grc' dir='ltr'><strong><em>συμφυὲς</em></strong></span> <span class='ocrx_word' id='word_1_162' title='bbox 645 2255 696 2294; x_wconf 92' lang='grc' dir='ltr'><strong><em>και</em></strong></span> <span class='ocrx_word' id='word_1_163' title='bbox 693 2226 866 2314; x_wconf 83' lang='grc' dir='ltr'><strong><em>όμόζηλον</em></strong></span> <span class='ocrx_word' id='word_1_164' title='bbox 886 2253 938 2292; x_wconf 90' lang='grc' dir='ltr'><strong><em>και</em></strong></span> <span class='ocrx_word' id='word_1_165' title='bbox 961 2225 982 2312; x_wconf 81' lang='grc' dir='ltr'><em>ἦ</em></span> <span class='ocrx_word' id='word_1_166' title='bbox 1003 2232 1066 2293; x_wconf 78' lang='grc' dir='ltr'><strong><em>τῶν</em></strong></span> <span class='ocrx_word' id='word_1_167' title='bbox 1087 2228 1276 2318; x_wconf 77' lang='grc' dir='ltr'><strong><em>ὀνομάτων</em></strong></span> <span class='ocrx_word' id='word_1_168' title='bbox 1276 2257 1338 2296; x_wconf 90' lang='grc' dir='ltr'><strong><em>πα.</em></strong></span> 
     </span>
     <span class='ocr_line' id='line_1_21' title="bbox 228 2330 1373 2418; baseline 0.001 -22"><span class='ocrx_word' id='word_1_169' title='bbox 228 2331 359 2417; x_wconf 89' lang='grc' dir='ltr'><strong><em>ρίσωσις</em></strong></span> <span class='ocrx_word' id='word_1_170' title='bbox 375 2331 623 2418; x_wconf 83' lang='grc' dir='ltr'><strong><em>αἰιαρόγρατττον</em></strong></span> <span class='ocrx_word' id='word_1_171' title='bbox 637 2332 745 2407; x_wconf 85' lang='grc' dir='ltr'><strong><em>αύτοῖς</em></strong></span> <span class='ocrx_word' id='word_1_172' title='bbox 759 2332 940 2418; x_wconf 86' lang='grc' dir='ltr'><strong><em>μαρτυρίαν</em></strong></span> <span class='ocrx_word' id='word_1_173' title='bbox 951 2353 1005 2397; x_wconf 88' lang='grc' dir='ltr'><strong><em>τοο</em></strong></span> <span class='ocrx_word' id='word_1_174' title='bbox 993 2330 1129 2416; x_wconf 78' lang='grc' dir='ltr'><strong><em>γένους</em></strong></span> <span class='ocrx_word' id='word_1_175' title='bbox 1150 2356 1206 2397; x_wconf 94' lang='grc' dir='ltr'><strong><em>και</em></strong></span> <span class='ocrx_word' id='word_1_176' title='bbox 1231 2333 1339 2417; x_wconf 87' lang='grc' dir='ltr'><strong><em>α’ναμ-</em></strong></span> <span class='ocrx_word' id='word_1_177' title='bbox 1322 2341 1373 2397; x_wconf 81' lang='lat' dir='ltr'><strong><em>-tt</em></strong></span> 
     </span>
     <span class='ocr_line' id='line_1_22' title="bbox 228 2434 549 2521; baseline 0 -24"><span class='ocrx_word' id='word_1_178' title='bbox 228 2434 360 2521; x_wconf 79' lang='grc' dir='ltr'><strong><em>φίβολον</em></strong></span> <span class='ocrx_word' id='word_1_179' title='bbox 381 2434 549 2499; x_wconf 86' lang='grc' dir='ltr'><strong><em>δείκνυσιν.</em></strong></span> 
     </span>
     <span class='ocr_line' id='line_1_23' title="bbox 290 2530 1335 2621; baseline -0.001 -20"><span class='ocrx_word' id='word_1_180' title='bbox 290 2538 333 2601; x_wconf 86' lang='grc' dir='ltr'><strong><em>Εἰ</em></strong></span> <span class='ocrx_word' id='word_1_181' title='bbox 354 2538 389 2601; x_wconf 78' lang='grc' dir='ltr'><strong><em>δὲ</em></strong></span> <span class='ocrx_word' id='word_1_182' title='bbox 406 2533 462 2599; x_wconf 73' lang='grc' dir='ltr'><strong><em>κατ’</em></strong></span> <span class='ocrx_word' id='word_1_183' title='bbox 483 2534 639 2621; x_wconf 72' lang='grc' dir='ltr'><strong><em>Ἰβηρικὴν</em></strong></span> <span class='ocrx_word' id='word_1_184' title='bbox 658 2537 827 2619; x_wconf 81' lang='grc' dir='ltr'><strong><em>συμφυΐαν</em></strong></span> <span class='ocrx_word' id='word_1_185' title='bbox 840 2537 873 2616; x_wconf 76' lang='grc' dir='ltr'><strong><em>ἐξ</em></strong></span> <span class='ocrx_word' id='word_1_186' title='bbox 894 2530 964 2609; x_wconf 76' lang='grc' dir='ltr'><strong><em>ἑνός</em></strong></span> <span class='ocrx_word' id='word_1_187' title='bbox 983 2536 1103 2620; x_wconf 81' lang='grc' dir='ltr'><strong><em>μέρους</em></strong></span> <span class='ocrx_word' id='word_1_188' title='bbox 1114 2542 1181 2611; x_wconf 80' lang='grc' dir='ltr'><strong><em>τοῖς</em></strong></span> <span class='ocrx_word' id='word_1_189' title='bbox 1198 2534 1335 2602; x_wconf 77' lang='grc' dir='ltr'><strong><em>Φωκόσι</em></strong></span> 
     </span>
     <span class='ocr_line' id='line_1_24' title="bbox 226 2632 1337 2721; baseline 0.002 -23"><span class='ocrx_word' id='word_1_190' title='bbox 226 2643 445 2721; x_wconf 83' lang='grc' dir='ltr'><strong><em>παρομαρτεῖν</em></strong></span> <span class='ocrx_word' id='word_1_191' title='bbox 467 2638 603 2719; x_wconf 79' lang='grc' dir='ltr'><strong><em>λέγεται,</em></strong></span> <span class='ocrx_word' id='word_1_192' title='bbox 627 2634 682 2701; x_wconf 81' lang='grc' dir='ltr'><strong><em>καί</em></strong></span> <span class='ocrx_word' id='word_1_193' title='bbox 704 2638 796 2701; x_wconf 85' lang='grc' dir='ltr'><strong><em>τούτο</em></strong></span> <span class='ocrx_word' id='word_1_194' title='bbox 819 2639 939 2719; x_wconf 83' lang='grc' dir='ltr'><strong><em>μᾶλλον</em></strong></span> <span class='ocrx_word' id='word_1_195' title='bbox 959 2632 1144 2720; x_wconf 86' lang='grc' dir='ltr'><strong><em>πιστότερον</em></strong></span> <span class='ocrx_word' id='word_1_196' title='bbox 1165 2634 1337 2720; x_wconf 75' lang='grc' dir='ltr'><strong><em>τὸνλόγον</em></strong></span> 
     </span>
     <span class='ocr_line' id='line_1_25' title="bbox 226 2730 1333 2825; baseline 0.005 -28"><span class='ocrx_word' id='word_1_197' title='bbox 226 2733 315 2819; x_wconf 74' lang='grc' dir='ltr'><strong><em>ἡμῶν</em></strong></span> <span class='ocrx_word' id='word_1_198' title='bbox 337 2736 529 2819; x_wconf 78' lang='grc' dir='ltr'><strong><em>διατίθησιν.</em></strong></span> <span class='ocrx_word' id='word_1_199' title='bbox 582 2734 612 2801; x_wconf 79' lang='grc' dir='ltr'><strong><em>οῖ</em></strong></span> <span class='ocrx_word' id='word_1_200' title='bbox 628 2734 691 2820; x_wconf 76' lang='grc' dir='ltr'><strong><em>μύρ</em></strong></span> <span class='ocrx_word' id='word_1_201' title='bbox 705 2730 831 2825; x_wconf 77' lang='grc' dir='ltr'><strong><em>Ἴβηρες</em></strong></span> <span class='ocrx_word' id='word_1_202' title='bbox 862 2739 897 2802; x_wconf 75' lang='grc' dir='ltr'><strong><em>ἐκ</em></strong></span> <span class='ocrx_word' id='word_1_203' title='bbox 918 2740 973 2823; x_wconf 80' lang='grc' dir='ltr'><strong><em>τῆς</em></strong></span> <span class='ocrx_word' id='word_1_204' title='bbox 994 2738 1152 2822; x_wconf 78' lang='grc' dir='ltr'><strong><em>Κελτικῆς</em></strong></span> <span class='ocrx_word' id='word_1_205' title='bbox 1173 2735 1333 2824; x_wconf 78' lang='grc' dir='ltr'><strong><em>ἀνεφάνη-</em></strong></span> 
     </span>
    </p>
   </div>
   <div class='ocr_carea' id='block_1_3' title="bbox 226 2990 1333 3630">
    <p class='ocr_par' dir='ltr' id='par_1_3' title="bbox 226 2990 1333 3630">
     <span class='ocr_line' id='line_1_26' title="bbox 227 2990 1331 3048; baseline 0.005 -6"><span class='ocrx_word' id='word_1_206' title='bbox 227 2991 256 3043; x_wconf 82' lang='grc' dir='ltr'><strong><em>ἰιι</em></strong></span> <span class='ocrx_word' id='word_1_207' title='bbox 276 3004 349 3043; x_wconf 86' lang='grc' dir='ltr'><strong><em>ιιιιιιιι</em></strong></span> <span class='ocrx_word' id='word_1_208' title='bbox 366 2990 449 3042; x_wconf 81' lang='lat' dir='ltr'><strong>vitam</strong></span> <span class='ocrx_word' id='word_1_209' title='bbox 476 2991 594 3043; x_wconf 76' lang='lat' dir='ltr'>induxit:</span> <span class='ocrx_word' id='word_1_210' title='bbox 621 2992 669 3044; x_wconf 83' lang='lat' dir='ltr'><strong>sed</strong></span> <span class='ocrx_word' id='word_1_211' title='bbox 694 2992 782 3043; x_wconf 89' lang='lat' dir='ltr'><strong>omnia</strong></span> <span class='ocrx_word' id='word_1_212' title='bbox 804 2993 864 3043; x_wconf 88' lang='lat' dir='ltr'><strong>urbi</strong></span> <span class='ocrx_word' id='word_1_213' title='bbox 889 3002 917 3045; x_wconf 82' lang='lat' dir='ltr'><strong>et</strong></span> <span class='ocrx_word' id='word_1_214' title='bbox 935 2994 1009 3046; x_wconf 80' lang='lat' dir='ltr'><strong>linco</strong></span> <span class='ocrx_word' id='word_1_215' title='bbox 1039 2993 1129 3045; x_wconf 88' lang='lat' dir='ltr'><strong>attulit</strong></span> <span class='ocrx_word' id='word_1_216' title='bbox 1147 2994 1273 3047; x_wconf 79' lang='lat' dir='ltr'><strong>cnrribno</strong></span> <span class='ocrx_word' id='word_1_217' title='bbox 1290 2995 1331 3048; x_wconf 79' lang='lat' dir='ltr'><strong><em>bis</em></strong></span> 
     </span>
     <span class='ocr_line' id='line_1_27' title="bbox 227 3062 1332 3132; baseline 0.003 -17"><span class='ocrx_word' id='word_1_218' title='bbox 227 3062 303 3115; x_wconf 88' lang='lat' dir='ltr'><strong>mille</strong></span> <span class='ocrx_word' id='word_1_219' title='bbox 330 3062 454 3130; x_wconf 78' lang='lat' dir='ltr'><strong>praedam</strong></span> <span class='ocrx_word' id='word_1_220' title='bbox 478 3078 581 3114; x_wconf 89' lang='lat' dir='ltr'><strong>omnem</strong></span> <span class='ocrx_word' id='word_1_221' title='bbox 608 3064 712 3115; x_wconf 81' lang='lat' dir='ltr'><strong>civibus</strong></span> <span class='ocrx_word' id='word_1_222' title='bbox 744 3064 887 3117; x_wconf 83' lang='lat' dir='ltr'><strong>ostendens</strong></span> <span class='ocrx_word' id='word_1_223' title='bbox 915 3074 942 3116; x_wconf 89' lang='lat' dir='ltr'><strong>et</strong></span> <span class='ocrx_word' id='word_1_224' title='bbox 966 3081 1014 3132; x_wconf 90' lang='lat' dir='ltr'><strong>per</strong></span> <span class='ocrx_word' id='word_1_225' title='bbox 1040 3066 1127 3117; x_wconf 83' lang='lat' dir='ltr'><strong>lorum</strong></span> <span class='ocrx_word' id='word_1_226' title='bbox 1151 3066 1180 3116; x_wconf 92' lang='lat' dir='ltr'><strong><em>in</em></strong></span> <span class='ocrx_word' id='word_1_227' title='bbox 1199 3068 1332 3118; x_wconf 82' lang='lat' dir='ltr'><strong>aerarium</strong></span> 
     </span>
     <span class='ocr_line' id='line_1_28' title="bbox 227 3134 1333 3206; baseline 0.003 -20"><span class='ocrx_word' id='word_1_228' title='bbox 227 3134 383 3203; x_wconf 89' lang='lat' dir='ltr'><strong>portandam</strong></span> <span class='ocrx_word' id='word_1_229' title='bbox 404 3150 515 3187; x_wconf 80' lang='lat' dir='ltr'><strong>curans:</strong></span> <span class='ocrx_word' id='word_1_230' title='bbox 543 3144 622 3203; x_wconf 91' lang='lat' dir='ltr'><strong>atque</strong></span> <span class='ocrx_word' id='word_1_231' title='bbox 648 3134 700 3187; x_wconf 92' lang='lat' dir='ltr'><strong><em>hoc</em></strong></span> <span class='ocrx_word' id='word_1_232' title='bbox 730 3135 817 3187; x_wconf 87' lang='lat' dir='ltr'><strong>solum</strong></span> <span class='ocrx_word' id='word_1_233' title='bbox 841 3135 959 3206; x_wconf 84' lang='lat' dir='ltr'><strong>lucratus</strong></span> <span class='ocrx_word' id='word_1_234' title='bbox 987 3152 1020 3187; x_wconf 84' lang='lat' dir='ltr'><strong>ex</strong></span> <span class='ocrx_word' id='word_1_235' title='bbox 1038 3136 1136 3188; x_wconf 83' lang='lat' dir='ltr'><strong>talibus</strong></span> <span class='ocrx_word' id='word_1_236' title='bbox 1154 3139 1286 3203; x_wconf 80' lang='lat' dir='ltr'><strong>tropaeis,</strong></span> <span class='ocrx_word' id='word_1_237' title='bbox 1305 3148 1333 3189; x_wconf 91' lang='lat' dir='ltr'><strong><em>nt</em></strong></span> 
     </span>
     <span class='ocr_line' id='line_1_29' title="bbox 228 3206 1331 3276; baseline 0.004 -19"><span class='ocrx_word' id='word_1_238' title='bbox 228 3222 287 3257; x_wconf 89' lang='lat' dir='ltr'><strong><em>cnm</em></strong></span> <span class='ocrx_word' id='word_1_239' title='bbox 308 3222 386 3257; x_wconf 88' lang='lat' dir='ltr'><strong>curm</strong></span> <span class='ocrx_word' id='word_1_240' title='bbox 406 3208 483 3274; x_wconf 85' lang='lat' dir='ltr'><strong>regio</strong></span> <span class='ocrx_word' id='word_1_241' title='bbox 509 3222 543 3259; x_wconf 86' lang='lat' dir='ltr'><strong>ex</strong></span> <span class='ocrx_word' id='word_1_242' title='bbox 567 3222 641 3257; x_wconf 89' lang='lat' dir='ltr'><strong>more</strong></span> <span class='ocrx_word' id='word_1_243' title='bbox 667 3206 807 3273; x_wconf 80' lang='lat' dir='ltr'>splendide</span> <span class='ocrx_word' id='word_1_244' title='bbox 833 3208 995 3274; x_wconf 87' lang='lat' dir='ltr'><strong>triumphum</strong></span> <span class='ocrx_word' id='word_1_245' title='bbox 1013 3216 1123 3276; x_wconf 86' lang='lat' dir='ltr'><strong>ageret,</strong></span> <span class='ocrx_word' id='word_1_246' title='bbox 1142 3209 1331 3261; x_wconf 83' lang='lat' dir='ltr'><strong>anteenntibus</strong></span> 
     </span>
     <span class='ocr_line' id='line_1_30' title="bbox 228 3278 1332 3361; baseline 0.002 -32"><span class='ocrx_word' id='word_1_247' title='bbox 228 3294 288 3329; x_wconf 91' lang='lat' dir='ltr'><strong>enm</strong></span> <span class='ocrx_word' id='word_1_248' title='bbox 307 3279 387 3329; x_wconf 88' lang='lat' dir='ltr'><strong>tantis</strong></span> <span class='ocrx_word' id='word_1_249' title='bbox 407 3278 513 3361; x_wconf 85' lang='lat' dir='ltr'><strong>praedis</strong></span> <span class='ocrx_word' id='word_1_250' title='bbox 539 3286 566 3328; x_wconf 89' lang='lat' dir='ltr'><strong>et</strong></span> <span class='ocrx_word' id='word_1_251' title='bbox 593 3280 667 3329; x_wconf 81' lang='lat' dir='ltr'><strong>iuxta</strong></span> <span class='ocrx_word' id='word_1_252' title='bbox 687 3294 792 3329; x_wconf 87' lang='lat' dir='ltr'><strong>currum</strong></span> <span class='ocrx_word' id='word_1_253' title='bbox 816 3286 870 3329; x_wconf 91' lang='lat' dir='ltr'><strong><em>tum</em></strong></span> <span class='ocrx_word' id='word_1_254' title='bbox 894 3278 955 3331; x_wconf 81' lang='lat' dir='ltr'><strong>aliia</strong></span> <span class='ocrx_word' id='word_1_255' title='bbox 971 3279 1051 3331; x_wconf 84' lang='lat' dir='ltr'><strong>lectis</strong></span> <span class='ocrx_word' id='word_1_256' title='bbox 1069 3280 1260 3333; x_wconf 72' lang='lat' dir='ltr'>Macedonibus</span> <span class='ocrx_word' id='word_1_257' title='bbox 1279 3288 1332 3332; x_wconf 87' lang='lat' dir='ltr'><strong><em>tom</em></strong></span> 
     </span>
     <span class='ocr_line' id='line_1_31' title="bbox 227 3348 1330 3421; baseline 0.002 -20"><span class='ocrx_word' id='word_1_258' title='bbox 227 3356 305 3416; x_wconf 88' lang='lat' dir='ltr'><strong>capto</strong></span> <span class='ocrx_word' id='word_1_259' title='bbox 322 3364 388 3417; x_wconf 83' lang='lat' dir='ltr'><strong>rege</strong></span> <span class='ocrx_word' id='word_1_260' title='bbox 410 3350 469 3415; x_wconf 87' lang='lat' dir='ltr'><strong>ipso</strong></span> <span class='ocrx_word' id='word_1_261' title='bbox 488 3349 587 3401; x_wconf 89' lang='lat' dir='ltr'><strong>Perseo</strong></span> <span class='ocrx_word' id='word_1_262' title='bbox 607 3366 665 3401; x_wconf 91' lang='lat' dir='ltr'><strong><em>cum</em></strong></span> <span class='ocrx_word' id='word_1_263' title='bbox 683 3348 777 3402; x_wconf 82' lang='lat' dir='ltr'><strong>liberie</strong></span> <span class='ocrx_word' id='word_1_264' title='bbox 798 3359 824 3402; x_wconf 91' lang='lat' dir='ltr'><strong>et</strong></span> <span class='ocrx_word' id='word_1_265' title='bbox 848 3364 946 3401; x_wconf 85' lang='lat' dir='ltr'><strong>uxore.</strong></span> <span class='ocrx_word' id='word_1_266' title='bbox 965 3366 1053 3421; x_wconf 90' lang='lat' dir='ltr'><strong>neque</strong></span> <span class='ocrx_word' id='word_1_267' title='bbox 1072 3352 1142 3401; x_wconf 88' lang='lat' dir='ltr'><strong>enirn</strong></span> <span class='ocrx_word' id='word_1_268' title='bbox 1160 3352 1195 3402; x_wconf 89' lang='lat' dir='ltr'><strong>de</strong></span> <span class='ocrx_word' id='word_1_269' title='bbox 1219 3360 1330 3420; x_wconf 76' lang='lat' dir='ltr'><strong>argento</strong></span> 
     </span>
     <span class='ocr_line' id='line_1_32' title="bbox 228 3420 1330 3488; baseline 0.002 -15"><span class='ocrx_word' id='word_1_270' title='bbox 228 3430 254 3473; x_wconf 86' lang='lat' dir='ltr'><strong>et</strong></span> <span class='ocrx_word' id='word_1_271' title='bbox 273 3420 426 3472; x_wconf 84' lang='lat' dir='ltr'><strong>divitiarum</strong></span> <span class='ocrx_word' id='word_1_272' title='bbox 445 3422 617 3486; x_wconf 79' lang='lat' dir='ltr'><strong>possessione</strong></span> <span class='ocrx_word' id='word_1_273' title='bbox 642 3420 805 3472; x_wconf 85' lang='lat' dir='ltr'><strong>nobilissimi</strong></span> <span class='ocrx_word' id='word_1_274' title='bbox 828 3422 940 3473; x_wconf 87' lang='lat' dir='ltr'><strong>Romani</strong></span> <span class='ocrx_word' id='word_1_275' title='bbox 959 3422 1007 3473; x_wconf 94' lang='lat' dir='ltr'><strong>illo</strong></span> <span class='ocrx_word' id='word_1_276' title='bbox 1033 3430 1154 3488; x_wconf 87' lang='lat' dir='ltr'><strong>tempore</strong></span> <span class='ocrx_word' id='word_1_277' title='bbox 1179 3424 1330 3486; x_wconf 86' lang='lat' dir='ltr'><strong>certabant,</strong></span> 
     </span>
     <span class='ocr_line' id='line_1_33' title="bbox 226 3491 1329 3582; baseline 0.002 -38"><span class='ocrx_word' id='word_1_278' title='bbox 226 3492 274 3545; x_wconf 85' lang='lat' dir='ltr'><strong>sed</strong></span> <span class='ocrx_word' id='word_1_279' title='bbox 303 3499 414 3559; x_wconf 86' lang='lat' dir='ltr'><strong>propter</strong></span> <span class='ocrx_word' id='word_1_280' title='bbox 440 3492 554 3559; x_wconf 81' lang='lat' dir='ltr'><strong>gloriam</strong></span> <span class='ocrx_word' id='word_1_281' title='bbox 579 3491 663 3544; x_wconf 84' lang='lat' dir='ltr'><strong>solam</strong></span> <span class='ocrx_word' id='word_1_282' title='bbox 684 3500 711 3543; x_wconf 91' lang='lat' dir='ltr'><strong>et</strong></span> <span class='ocrx_word' id='word_1_283' title='bbox 736 3494 842 3544; x_wconf 80' lang='lat' dir='ltr'><strong>virtutis</strong></span> <span class='ocrx_word' id='word_1_284' title='bbox 861 3492 1068 3545; x_wconf 76' lang='lat' dir='ltr'><strong>declarationem</strong></span> <span class='ocrx_word' id='word_1_285' title='bbox 1087 3502 1114 3544; x_wconf 89' lang='lat' dir='ltr'><strong>et</strong></span> <span class='ocrx_word' id='word_1_286' title='bbox 1138 3508 1203 3582; x_wconf 81' lang='lat' dir='ltr'><strong>suae</strong></span> <span class='ocrx_word' id='word_1_287' title='bbox 1230 3496 1329 3562; x_wconf 83' lang='lat' dir='ltr'><strong>patriae</strong></span> 
     </span>
     <span class='ocr_line' id='line_1_34' title="bbox 228 3562 589 3630; baseline -0.014 -12"><span class='ocrx_word' id='word_1_288' title='bbox 228 3562 389 3618; x_wconf 84' lang='lat' dir='ltr'><strong>salutemet</strong></span> <span class='ocrx_word' id='word_1_289' title='bbox 412 3562 589 3630; x_wconf 81' lang='lat' dir='ltr'><strong>splendorem</strong></span> 
     </span>
    </p>
   </div>
   <div class='ocr_carea' id='block_1_4' title="bbox 224 3648 1328 4007">
    <p class='ocr_par' dir='ltr' id='par_1_4' title="bbox 224 3648 1328 4007">
     <span class='ocr_line' id='line_1_35' title="bbox 325 3648 1328 3720; baseline 0.006 -18"><span class='ocrx_word' id='word_1_290' title='bbox 325 3648 401 3703; x_wconf 86' lang='lat' dir='ltr'><strong>Tales</strong></span> <span class='ocrx_word' id='word_1_291' title='bbox 421 3651 583 3719; x_wconf 82' lang='lat' dir='ltr'><strong>propagines</strong></span> <span class='ocrx_word' id='word_1_292' title='bbox 613 3660 753 3719; x_wconf 89' lang='lat' dir='ltr'><strong>postquam</strong></span> <span class='ocrx_word' id='word_1_293' title='bbox 771 3650 912 3703; x_wconf 81' lang='lat' dir='ltr'><strong>Fabiorum</strong></span> <span class='ocrx_word' id='word_1_294' title='bbox 931 3652 1007 3705; x_wconf 85' lang='lat' dir='ltr'><strong>radix</strong></span> <span class='ocrx_word' id='word_1_295' title='bbox 1031 3651 1132 3704; x_wconf 80' lang='lat' dir='ltr'><strong>lucidae</strong></span> <span class='ocrx_word' id='word_1_296' title='bbox 1151 3652 1252 3720; x_wconf 87' lang='lat' dir='ltr'><strong>edidit,</strong></span> <span class='ocrx_word' id='word_1_297' title='bbox 1278 3671 1328 3708; x_wconf 93' lang='lat' dir='ltr'><strong><em>non</em></strong></span> 
     </span>
     <span class='ocr_line' id='line_1_36' title="bbox 225 3722 1328 3792; baseline 0.007 -20"><span class='ocrx_word' id='word_1_298' title='bbox 225 3722 315 3789; x_wconf 83' lang='lat' dir='ltr'><strong>parvis</strong></span> <span class='ocrx_word' id='word_1_299' title='bbox 334 3722 498 3790; x_wconf 83' lang='lat' dir='ltr'><strong>temporibus</strong></span> <span class='ocrx_word' id='word_1_300' title='bbox 516 3729 610 3789; x_wconf 88' lang='lat' dir='ltr'><strong>postea</strong></span> <span class='ocrx_word' id='word_1_301' title='bbox 630 3724 709 3775; x_wconf 90' lang='lat' dir='ltr'><strong>etiam</strong></span> <span class='ocrx_word' id='word_1_302' title='bbox 721 3723 858 3775; x_wconf 81' lang='lat' dir='ltr'><strong>Phocades</strong></span> <span class='ocrx_word' id='word_1_303' title='bbox 871 3724 949 3776; x_wconf 86' lang='lat' dir='ltr'><strong>nobis</strong></span> <span class='ocrx_word' id='word_1_304' title='bbox 968 3724 1076 3787; x_wconf 80' lang='lat' dir='ltr'><strong>addidit,</strong></span> <span class='ocrx_word' id='word_1_305' title='bbox 1095 3732 1221 3792; x_wconf 81' lang='lat' dir='ltr'><strong>tanquam</strong></span> <span class='ocrx_word' id='word_1_306' title='bbox 1242 3736 1328 3779; x_wconf 80' lang='lat' dir='ltr'><strong>trans-</strong></span> 
     </span>
     <span class='ocr_line' id='line_1_37' title="bbox 224 3792 1327 3866; baseline 0.005 -22"><span class='ocrx_word' id='word_1_307' title='bbox 224 3792 293 3844; x_wconf 83' lang='lat' dir='ltr'><strong>latas</strong></span> <span class='ocrx_word' id='word_1_308' title='bbox 312 3792 416 3859; x_wconf 87' lang='lat' dir='ltr'><strong>plantas</strong></span> <span class='ocrx_word' id='word_1_309' title='bbox 437 3810 470 3845; x_wconf 87' lang='lat' dir='ltr'><strong>ex</strong></span> <span class='ocrx_word' id='word_1_310' title='bbox 488 3794 541 3846; x_wconf 89' lang='lat' dir='ltr'><strong>alia</strong></span> <span class='ocrx_word' id='word_1_311' title='bbox 559 3802 630 3845; x_wconf 91' lang='lat' dir='ltr'><strong>terra</strong></span> <span class='ocrx_word' id='word_1_312' title='bbox 649 3797 676 3845; x_wconf 93' lang='lat' dir='ltr'><strong><em>in</em></strong></span> <span class='ocrx_word' id='word_1_313' title='bbox 696 3793 778 3846; x_wconf 89' lang='lat' dir='ltr'><strong>alium</strong></span> <span class='ocrx_word' id='word_1_314' title='bbox 797 3795 913 3845; x_wconf 83' lang='lat' dir='ltr'><strong>feracem</strong></span> <span class='ocrx_word' id='word_1_315' title='bbox 934 3810 1035 3864; x_wconf 78' lang='lat' dir='ltr'><strong>agrum</strong></span> <span class='ocrx_word' id='word_1_316' title='bbox 1075 3797 1175 3846; x_wconf 89' lang='lat' dir='ltr'><strong>etenim</strong></span> <span class='ocrx_word' id='word_1_317' title='bbox 1195 3797 1327 3866; x_wconf 77' lang='lat' dir='ltr'><strong>fastigium</strong></span> 
     </span>
     <span class='ocr_line' id='line_1_38' title="bbox 224 3864 1327 3935; baseline 0.009 -22"><span class='ocrx_word' id='word_1_318' title='bbox 224 3864 254 3913; x_wconf 90' lang='lat' dir='ltr'><strong><em>in</em></strong></span> <span class='ocrx_word' id='word_1_319' title='bbox 273 3865 394 3918; x_wconf 85' lang='lat' dir='ltr'><strong>omnibus</strong></span> <span class='ocrx_word' id='word_1_320' title='bbox 408 3874 435 3917; x_wconf 89' lang='lat' dir='ltr'><strong>et</strong></span> <span class='ocrx_word' id='word_1_321' title='bbox 446 3866 577 3917; x_wconf 87' lang='lat' dir='ltr'><strong>laetorum</strong></span> <span class='ocrx_word' id='word_1_322' title='bbox 589 3867 742 3918; x_wconf 91' lang='lat' dir='ltr'><strong>coniunctio</strong></span> <span class='ocrx_word' id='word_1_323' title='bbox 759 3874 786 3918; x_wconf 91' lang='lat' dir='ltr'><strong>et</strong></span> <span class='ocrx_word' id='word_1_324' title='bbox 799 3880 936 3918; x_wconf 90' lang='lat' dir='ltr'><strong>commune</strong></span> <span class='ocrx_word' id='word_1_325' title='bbox 953 3867 1076 3931; x_wconf 87' lang='lat' dir='ltr'><strong>studium,</strong></span> <span class='ocrx_word' id='word_1_326' title='bbox 1095 3875 1177 3935; x_wconf 88' lang='lat' dir='ltr'><strong>atque</strong></span> <span class='ocrx_word' id='word_1_327' title='bbox 1194 3872 1327 3922; x_wconf 87' lang='lat' dir='ltr'><strong>nominum</strong></span> 
     </span>
     <span class='ocr_line' id='line_1_39' title="bbox 226 3937 1254 4007; baseline 0.01 -25"><span class='ocrx_word' id='word_1_328' title='bbox 226 3938 388 4000; x_wconf 87' lang='lat' dir='ltr'><strong>comparatio</strong></span> <span class='ocrx_word' id='word_1_329' title='bbox 409 3937 573 3989; x_wconf 86' lang='lat' dir='ltr'><strong>inlinitum</strong></span> <span class='ocrx_word' id='word_1_330' title='bbox 566 3938 599 3990; x_wconf 85' lang='lat' dir='ltr'><strong><em>ris</em></strong></span> <span class='ocrx_word' id='word_1_331' title='bbox 619 3937 801 3991; x_wconf 76' lang='lat' dir='ltr'><strong>testimoninm</strong></span> <span class='ocrx_word' id='word_1_332' title='bbox 825 3940 934 4007; x_wconf 84' lang='lat' dir='ltr'><strong>generis</strong></span> <span class='ocrx_word' id='word_1_333' title='bbox 960 3945 1106 3989; x_wconf 85' lang='lat' dir='ltr'><strong>etcertum</strong></span> <span class='ocrx_word' id='word_1_334' title='bbox 1125 3938 1254 3992; x_wconf 80' lang='lat' dir='ltr'><strong>declarat.</strong></span> 
     </span>
    </p>
   </div>
   <div class='ocr_carea' id='block_1_5' title="bbox 225 4020 1326 4277">
    <p class='ocr_par' dir='ltr' id='par_1_5' title="bbox 225 4020 1326 4240">
     <span class='ocr_line' id='line_1_40' title="bbox 325 4020 1326 4093; baseline 0.009 -22"><span class='ocrx_word' id='word_1_335' title='bbox 325 4020 436 4077; x_wconf 84' lang='lat' dir='ltr'><strong>Etiamsi</strong></span> <span class='ocrx_word' id='word_1_336' title='bbox 455 4034 542 4076; x_wconf 89' lang='lat' dir='ltr'><strong>autem</strong></span> <span class='ocrx_word' id='word_1_337' title='bbox 562 4026 667 4078; x_wconf 87' lang='lat' dir='ltr'><strong>iberica</strong></span> <span class='ocrx_word' id='word_1_338' title='bbox 692 4027 846 4079; x_wconf 90' lang='lat' dir='ltr'><strong>coniunctio</strong></span> <span class='ocrx_word' id='word_1_339' title='bbox 866 4043 899 4079; x_wconf 83' lang='lat' dir='ltr'><strong>ex</strong></span> <span class='ocrx_word' id='word_1_340' title='bbox 918 4042 971 4077; x_wconf 89' lang='lat' dir='ltr'><strong><em>nna</em></strong></span> <span class='ocrx_word' id='word_1_341' title='bbox 989 4034 1064 4093; x_wconf 89' lang='lat' dir='ltr'><strong>parte</strong></span> <span class='ocrx_word' id='word_1_342' title='bbox 1085 4025 1223 4080; x_wconf 81' lang='lat' dir='ltr'><strong>Phocadeo</strong></span> <span class='ocrx_word' id='word_1_343' title='bbox 1244 4032 1326 4080; x_wconf 89' lang='lat' dir='ltr'><strong>comi.</strong></span> 
     </span>
     <span class='ocr_line' id='line_1_41' title="bbox 226 4090 1325 4177; baseline 0.009 -32"><span class='ocrx_word' id='word_1_344' title='bbox 226 4092 278 4145; x_wconf 92' lang='lat' dir='ltr'><strong>tari</strong></span> <span class='ocrx_word' id='word_1_345' title='bbox 297 4090 403 4177; x_wconf 81' lang='lat' dir='ltr'><strong>dicitnr,</strong></span> <span class='ocrx_word' id='word_1_346' title='bbox 423 4094 474 4146; x_wconf 89' lang='lat' dir='ltr'><strong><em>boc</em></strong></span> <span class='ocrx_word' id='word_1_347' title='bbox 495 4111 601 4166; x_wconf 83' lang='lat' dir='ltr'><strong>quoqne</strong></span> <span class='ocrx_word' id='word_1_348' title='bbox 621 4101 705 4166; x_wconf 85' lang='lat' dir='ltr'><strong>magis</strong></span> <span class='ocrx_word' id='word_1_349' title='bbox 725 4100 865 4152; x_wconf 90' lang='lat' dir='ltr'><strong>certiorem</strong></span> <span class='ocrx_word' id='word_1_350' title='bbox 896 4114 1045 4152; x_wconf 83' lang='lat' dir='ltr'><strong>sermonem</strong></span> <span class='ocrx_word' id='word_1_351' title='bbox 1064 4105 1183 4150; x_wconf 85' lang='lat' dir='ltr'><strong>nostrum</strong></span> <span class='ocrx_word' id='word_1_352' title='bbox 1202 4100 1325 4167; x_wconf 78' lang='lat' dir='ltr'><strong>disponit</strong></span> 
     </span>
     <span class='ocr_line' id='line_1_42' title="bbox 225 4164 1326 4277; baseline 0.005 -58"><span class='ocrx_word' id='word_1_353' title='bbox 225 4164 317 4219; x_wconf 81' lang='lat' dir='ltr'><strong>Iberes</strong></span> <span class='ocrx_word' id='word_1_354' title='bbox 338 4166 407 4220; x_wconf 85' lang='lat' dir='ltr'><strong>enim</strong></span> <span class='ocrx_word' id='word_1_355' title='bbox 437 4182 452 4218; x_wconf 90' lang='lat' dir='ltr'><strong>e</strong></span> <span class='ocrx_word' id='word_1_356' title='bbox 477 4174 549 4221; x_wconf 87' lang='lat' dir='ltr'><strong>terra</strong></span> <span class='ocrx_word' id='word_1_357' title='bbox 568 4168 672 4223; x_wconf 77' lang='lat' dir='ltr'><strong>Celtica</strong></span> <span class='ocrx_word' id='word_1_358' title='bbox 690 4178 885 4277; x_wconf 81' lang='lat' dir='ltr'><strong>apparnernnt.</strong></span> <span class='ocrx_word' id='word_1_359' title='bbox 914 4171 1002 4265; x_wconf 81' lang='lat' dir='ltr'><strong>iberia</strong></span> <span class='ocrx_word' id='word_1_360' title='bbox 1021 4172 1109 4236; x_wconf 91' lang='lat' dir='ltr'><strong>enim,</strong></span> <span class='ocrx_word' id='word_1_361' title='bbox 1133 4186 1201 4240; x_wconf 83' lang='lat' dir='ltr'><strong>qnae</strong></span> <span class='ocrx_word' id='word_1_362' title='bbox 1219 4176 1326 4238; x_wconf 86' lang='lat' dir='ltr'><strong>proprie</strong></span> 
     </span>
    </p>
   </div>
   <div class='ocr_carea' id='block_1_6' title="bbox 0 0 1422 4750">
    <p class='ocr_par' dir='ltr' id='par_1_6' title="bbox 0 0 1422 4750">
     <span class='ocr_line' id='line_1_43' title="bbox 0 0 1422 4750; baseline 0 1"><span class='ocrx_word' id='word_1_363' title='bbox 0 0 1422 4750; x_wconf 95' lang='lat' dir='ltr'><strong><em> </em></strong></span> 
     </span>
    </p>
   </div>
  </div>
 </body>
</html>
