2834 4750
1390 10 1392 47 t

224 175 308 290 'aas
519 165 739 280 neumis
767 199 1031 278 ammona

232 405 297 446 των
316 377 442 452 αότσός.
492 371 523 439 οῖ
549 373 585 437 δὲ
606 371 807 454 Βοόλγαροι,
833 371 957 454 πλῆθος
986 359 1077 444 όντες
1101 363 1358 450 ἀνεξερεῦνητον
1409 366 1411 494 Ι

234 484 299 564 καί,
320 481 452 564 ἀριθμῷ
483 476 770 558 καθυποβληθῖγναι
800 472 877 554 μηδ’
905 464 989 544 ὅλως
1009 465 1211 550 δυνάμενον,
1237 487 1360 546 περιο-
1409 497 1411 563 ρ

231 579 344 666 χόντσς
366 575 466 644 ον’τόν
489 579 534 650 εἰς
555 577 651 655 μέσον
672 568 781 658 ὥσπερ
796 573 926 643 όδάτων
943 573 1086 675 nonnis*
1099 568 1231 650 ἀχανὲς
1255 569 1361 628 ιε’λα-

232 705 299 768 γος,
322 673 422 754 οότως
444 673 539 742 αότόν
553 674 727 752 ἀποπνῖξαι
755 676 811 738 καί
830 674 877 746 είς
902 667 1130 749 ἀδιεξόδευτον
1157 665 1277 747 βυθόν
1299 689 1362 729 να-
1409 700 1411 757 ,

233 781 420 848 ταποντίσαι
444 772 684 861 διηγωνίζοντο,
706 768 761 841 οἷα
784 776 843 858 πάρ
869 798 934 838 τισι
954 768 1080 852 νάμασι
1101 777 1176 844 τοῖς
1199 767 1383 849 τόμμασιΞι

235 884 300 947 τοῖν
323 879 465 962 δοράτων
499 875 554 938 καί
581 874 646 938 τῶν
678 867 785 938 ἀλλων
814 874 994 952 πολεμικῶν
1021 867 1175 952 όργάνων
1206 870 1361 950 συνεχῶς

233 977 332 1046 αὐτόν
355 972 603 1058 ἐπιπλήττοντες.
647 973 716 1035 ἀλλ’
738 974 855 1048 ἐκεῖνος
878 970 1013 1058 βρυγμῷ
1033 973 1168 1042 λεόντος
1191 968 1265 1031 κατ’
1289 959 1357 1030 αό-

233 1083 297 1144 τσόν
318 1077 458 1158 ἐξορμῶν
464 1121 476 1152 ,
504 1076 560 1137 ναί
581 1069 657 1147 τούς
679 1070 921 1147 όπεισπεσόντας
944 1073 1098 1149 ἐξαισίοις
1119 1069 1358 1151 ἀναχαιτίζοι

234 1183 378 1262 πληγαῖς,
400 1170 475 1238 όδόν
495 1165 599 1257 ἑαυτῷ
610 1223 613 1227 .
627 1172 728 1236 ἐποίει
745 1172 801 1236 καί
832 1167 1013 1253 πρόσβασιν
1033 1165 1257 1284 ἑτατὲρωθενζ
1302 1170 1358 1230 ναί

234 1274 315 1361 μετά
338 1272 371 1340 τό
397 1276 513 1358 γντόναι
534 1268 651 1346 πάντας
672 1267 708 1334 τό
730 1272 842 1336 τούτου
864 1269 1001 1352 ἀκρατὲς
1023 1272 1079 1332 καί
1098 1265 1189 1349 πρός
1211 1291 1274 1342 τας
1297 1267 1390 1341 tir-'10

235 1380 416 1462 δραγαθίας
437 1374 594 1448 εὐσταθὲς
616 1375 671 1436 καί
692 1371 858 1456 ἀνίκητον,
882 1370 987 1436 οὐκέτι
1004 1367 1085 1453 πρός
1108 1367 1355 1433 ἀντικαταστά-

234 1499 302 1551 σεις
322 1474 516 1557 ἀγχεμάχων
544 1466 607 1556 άπό
637 1473 755 1557 χειρῶν
773 1472 830 1558 Ιείς,
855 1479 969 1554 χεῖρας
999 1467 1079 1553 πρός
1107 1466 1231 1553 μάχην
1264 1470 1356 1556 oded

235 1574 428 1654 συνίσταντο,
451 1569 533 1637 ἀλλά
561 1571 693 1655 χορείαν
719 1574 893 1654 μονονουχὶ
917 1569 1159 1653 συστησάμενοι
1184 1566 1245 1632 σὺν
1267 1564 1354 1631 θαό.

233 1698 314 1757 ματι
332 1669 460 1761 μεγάλῳ
482 1675 525 1736 δι’
547 1668 706 1757 ἑκηβόλων
734 1671 878 1753 ὀργάνων
908 1667 965 1734 τόν
985 1670 1135 1750 πόλεμον
1162 1666 1354 1752 συνερρήγ-

234 1798 334 1861 νυον,
356 1771 414 1850 ἕως
436 1772 534 1848 αότός
552 1777 626 1857 [autc
648 1768 875 1856 ἀποχωροῦσιν
895 1771 1125 1856 ἐπιφερόμενος
1161 1761 1270 1852 ἧτταν
1290 1771 1387 1842 nri-15

234 1879 299 1944 ταῖν
325 1878 476 1958 μεγίστην
507 1875 563 1938 καί
592 1872 714 1958 τροπὴν
749 1869 983 1955 ἀπειργάσατο·
1038 1867 1096 1932 ναί
1111 1871 1281 1932 -τοσοότον
1302 1861 1353 1930 ότι

234 1976 314 2060 μετά
337 1975 395 2060 τὴν
415 1978 502 2058 νίκην
535 1973 661 2039 ἀπιδών
692 1969 782 2057 πρός.
800 1971 835 2035 τό
857 1971 978 2055 πλῆθος
1009 1972 1072 2034 τόν
1100 1967 1273 2035 πεσόντων
1299 1966 1352 2032 καί

234 2079 298 2143 τόν
319 2075 509 2162 φευγόντων,
533 2078 589 2139 καί
609 2067 674 2138 οἷον
700 2072 787 2162 αότρῖ
807 2071 900 2155 ἔργον
916 2071 995 2157 ὑπὲρ
1017 2070 1234 2154 ἀνθρωπίνην
1252 2066 1350 2151 ἶσχόν

236 2175 427 2262 ἐξείργαστο,
450 2177 643 2253 σκοτοδινίας
664 2178 818 2260 πλησθείς
849 2176 904 2238 καί
932 2173 1060 2258 φάσεως
1085 2171 1232 2259 ῥευστῆς
1255 2166 1348 2253 εἶναι,

206 2266 212 2282 ’
236 2282 300 2352 τοῖς
316 2278 529 2359 ἀνθρωπίνοις
552 2281 666 2352 δεινοῖς
689 2275 745 2341 καί
765 2273 884 2341 πάθεσι
906 2277 1186 2358 κατανλτνομίνης,
1209 2273 1385 2358 ἀποδω-ηρ

235 2377 327 2460 τινός,
358 2374 546 2462 σότομότως
563 2384 603 2451 ,ἐκ
636 2378 693 2442 τοῦ
714 2375 812 2441 ἵππου
835 2374 916 2461 πρός
934 2379 991 2459 γῆν
1018 2376 1247 2468 καταρρεόσας
1269 2400 1350 2440 συν-
1408 2343 1411 2472 l

235 2480 370 2563 υὲνσυκε,
394 2478 566 2563 διάβροχος
586 2482 645 2559 μὲν
677 2476 732 2541 καί
751 2480 938 2557 λελουμένος
968 2470 1015 2540 σόν
1036 2478 1079 2564 τῷ
1099 2476 1164 2539 τῶν
1184 2476 1347 2558 πολεμίων

237 2580 359 2667 ἀπλέτῳ
383 2581 438 2645 καί
457 2583 599 2667 ποταμίῳ
622 2580 748 2662 αἵματι,
770 2578 833 2660 οδχ
854 2564 949 2661 ἦττον
971 2580 1006 2642 δὲ
1025 2578 1079 2643 καῖ
1092 2575 1135 2665 τῷ
1162 2575 1273 2665 uiuacis
1290 2579 1350 2641 καὶ

309 2736 350 2788 13.
371 2737 571 2821 συνίστατοζῦ.

238 2897 311 2950 ribus
330 2894 452 2965 affligens
474 2906 500 2949 et
519 2906 622 2951 terrens
644 2913 699 2953 eos.
738 2898 849 2968 Bulgari
867 2905 964 2964 autem,
983 2900 1028 2967 qui
1048 2905 1124 2950 erant
1132 2898 1277 2952 multitudo
1298 2902 1348 2951 in.

237 2968 411 3021 numerabilis
429 2986 519 3039 neque
537 2986 648 3022 numero
667 2969 764 3023 subiici
782 2970 840 3021 ullo
867 2969 945 3022 niodo
970 2977 1110 3037 poterant,
1136 2985 1198 3021 curn
1221 2972 1349 3023 medium

238 3040 430 3094 circumdantes
449 3049 572 3109 tanquam
592 3057 718 3109 aquarum
737 3041 877 3093 multarum
896 3041 978 3093 latum
995 3056 1079 3104 mare,
1099 3042 1135 3092 ita
1162 3056 1224 3091 eum
1252 3042 1347 3093 sullo.

238 3127 300 3163 care
320 3119 347 3162 et
365 3113 393 3161 ln
412 3114 570 3181 voraginem
589 3113 774 3164 inevitabilem
792 3112 967 3179 submergere
986 3111 1133 3175 certabant,
1157 3113 1236 3179 quasi
1261 3114 1346 3175 undis

237 3181 335 3233 ictibus
358 3181 490 3234 hastarum
513 3190 539 3233 et
558 3191 707 3234 ceterorum
726 3183 794 3234 belli
813 3183 1046 3234 instrumentorum
1065 3183 1172 3235 assidue
1198 3198 1261 3233 eum
1284 3199 1344 3234 ve.

237 3260 340 3305 rantes.
379 3254 425 3303 sed
446 3252 494 3304 ille
513 3254 620 3304 fremitu
638 3253 733 3334 leonia
746 3262 839 3305 contra
860 3268 907 3305 eos
926 3256 1075 3319 procedens
1094 3262 1121 3303 et
1139 3255 1275 3305 irruentes
1293 3255 1343 3305 in.
1409 3303 1411 3306 .

237 3323 362 3393 gentibus
382 3323 516 3389 repellens
535 3324 632 3375 ictibus
651 3325 722 3375 viam
751 3325 802 3376 sibi
829 3324 945 3376 faciebat
972 3334 999 3375 et
1026 3324 1124 3379 aditum
1147 3325 1289 3391 utrinque:
1314 3334 1344 3375 et
1409 3369 1410 3372 ,

237 3402 377 3463 postquam
397 3402 583 3461 cognoverunt
600 3409 691 3447 onmes
710 3394 788 3447 buius
813 3396 970 3447 violentiam
996 3404 1022 3447 ct
1052 3396 1159 3449 virtutis
1185 3395 1342 3446 firmitatem

215 3474 318 3533 =utque
338 3465 466 3517 invictum
486 3466 599 3516 animum
618 3481 672 3517 non
691 3466 743 3517 iam
764 3468 797 3517 ad
815 3468 899 3517 aciem
921 3468 1039 3518 cominus
1060 3465 1180 3518 manibus
1206 3466 1241 3516 ad
1265 3481 1340 3533 ung.

236 3552 297 3589 nam
317 3552 375 3588 cum
395 3551 427 3587 co
446 3552 476 3587 se
504 3536 716 3601 constituebant,
743 3538 791 3589 sed
812 3538 921 3588 chorum
947 3553 1033 3604 paene
1058 3545 1253 3603 componentes
1277 3554 1340 3587 curn

237 3608 411 3660 admiratione
429 3621 523 3673 magna
542 3608 723 3659 instrumentis
752 3608 917 3660 iaculutoriis
936 3608 1037 3660 bellum
1053 3607 1232 3672 instruebant,
1251 3609 1337 3659 donec

236 3679 259 3730 is
279 3679 306 3731 in
325 3678 476 3732 recidentes
495 3680 600 3731 irruens
620 3678 722 3749 cladem
750 3694 842 3730 eorum
866 3680 1003 3731 maximam
1029 3687 1056 3732 et
1082 3679 1173 3747 lugam
1201 3679 1335 3743 coniecit,

237 3757 317 3817 atque
336 3757 445 3814 tantum,
466 3757 495 3800 ut
513 3758 574 3816 post
593 3751 733 3801 victoriam
752 3752 900 3818 respiciens
920 3750 1115 3802 multitudinem
1133 3752 1284 3803 occisorum
1308 3761 1337 3801 ct

237 3818 406 3886 buglentium,
429 3828 455 3871 et
474 3820 553 3889 quale
572 3820 605 3871 ab
625 3835 657 3871 eo
678 3836 745 3888 opus
764 3837 844 3888 supra
862 3821 997 3874 hominum
1017 3823 1163 3887 potentiam
1183 3822 1334 3873 confectum

238 3897 319 3955 esset,
338 3892 473 3959 vertigine
493 3900 631 3958 correptus
652 3901 678 3944 et
696 3901 815 3944 naturam
834 3894 962 3944 incertam
982 3901 1009 3943 et
1026 3891 1180 3943 mutabilem
1201 3908 1263 3945 esse
1280 3892 1333 3943 lru.

239 3960 324 4011 ruanis
342 3960 418 4013 malis
439 3971 465 4013 et
483 3962 620 4016 doloribus
641 3965 795 4027 osteudens,
815 3980 862 4015 sua
880 3972 976 4031 sponte
996 3979 1028 4015 ex
1048 3978 1117 4031 equo
1138 3964 1332 4015 interramdc.

239 4028 336 4083 flueret
355 4042 554 4103 corrueretque,
579 4035 698 4087 madidus
724 4044 751 4087 ct
775 4035 880 4089 lavatus
908 4035 1023 4087 hostium
1048 4036 1153 4103 ingenti
1178 4043 1206 4085 et
1230 4034 1330 4087 fluviali

241 4099 372 4169 sanguine
390 4116 478 4171 neque
499 4107 587 4161 minus
607 4107 685 4159 etiam
705 4108 815 4177 proprio
837 4114 864 4159 et
872 4109 996 4175 martyris
1007 4106 1183 4163 circumtusus
1194 4104 1330 4177 squalore:
