2834 4750
242 285 317 356 ττι
536 267 754 356 mcnldss
789 266 1063 354 dormieran

239 455 299 514 -τόυ
321 450 377 531 τῆς
401 453 574 534 συντριβῆς
601 451 780 527 ἐξεκαλεῖτο
793 445 942 533 θερμοῖς.
1000 447 1154 531 παρῆσαν
1172 443 1244 530 γὰρ
1265 447 1363 510 ε’κεῖσε

239 542 260 612 δ
281 572 316 614 τε
342 551 550 633 Καλχηδόνος
573 549 591 613 ό
610 548 802 632 Ἡρακλείας
826 550 880 613 καί
901 547 919 610 δ
937 549 1148 624 Κολωνείας,
1170 544 1239 620 τοὶς
1266 569 1363 611 σπον-

240 649 303 726 δός
323 651 408 736 edepl
430 655 683 725 συντελέσαντες.
726 649 944 734 ὑπεμίμνησκε
972 651 1009 712 δὲ
1032 646 1155 724 αότυός
1175 653 1240 713 κατ’
1261 644 1361 732 όρκαι

239 756 298 818 καί
323 757 385 818 τοῖν
418 749 451 816 ἐκ
473 755 532 816 τοῦ
562 751 651 815 θείου
684 755 851 831 νεμέσεων.
906 747 938 814 οἱ
960 751 1015 831 di}
1033 753 1091 811 καί
1107 773 1171 832 περ
1193 754 1360 833 βοηθῆσαι

238 857 341 943 τοότρι
350 852 548 936 βουλόμενοι,
566 846 651 932 ὅμως
663 853 806 927 ἀσθενῶς
818 848 912 934 ἔσχον
924 853 1051 934 α’νδραῖν
1063 847 1203 933 demanda
1219 846 1292 931 ἅμα
1307 853 1360 914 κατ’
1365 861 1378 912 5

244 957 400 1040 α’μηστῶν
422 951 673 1036 α’ναρπασόντων
696 952 792 1018 αότόν
806 957 860 1017 κατ’
878 952 921 1030 σός
944 952 1057 1036 ἱερεῖον
1078 946 1229 1036 όγόντσον
1250 953 1307 1016 ε’πό
1324 949 1357 1013 τό

232 1057 388 1151 σφάγιον.
432 1061 487 1120 καί
508 1057 552 1129 εἰς
576 1052 610 1117 τό
636 1052 771 1136 κόστροκ
792 1052 1022 1138 ἐγκλείσαντες,
1053 1052 1149 1134 θυμοὶ
1171 1051 1258 1139 πρός
1281 1053 1358 1116 πάι·

241 1179 299 1233 τας
322 1159 591 1241 ἐπιστρεφόμενον
614 1154 670 1218 καί
693 1155 751 1237 τόν
781 1156 844 1218 τεόν
866 1155 1044 1238 ἀρχιερέων
1072 1151 1214 1220 κατόπιν
1237 1178 1357 1238 παρρη·

241 1262 314 1326 οίαν
337 1261 417 1324 ι’δεῑν
440 1259 589 1343 διηνεκῶς
609 1251 833 1341 ἐπευχόμενοι,
856 1259 982 1344 οἰκισκῳ
1004 1259 1067 1321 τινί
1088 1251 1355 1340 παραπέμπουσι,

214 1428 220 1438 ,
241 1364 300 1426 καί
314 1384 385 1425 τινα
403 1360 561 1424 Ἰουδαῖον
583 1357 696 1441 ἀμαθῆ
711 1354 751 1421 τοὶ
768 1359 901 1421 τοιαῦτα
923 1354 981 1440 τὴν
1003 1360 1065 1422 τῶν
1086 1356 1278 1442 όφθαλμαῑν
1298 1356 1385 1418 ου’-λλ

241 1462 301 1526 sod
333 1458 526 1541 διαχείρισιν
555 1455 772 1541 ἐπιτρέπουσι.
817 1454 970 1541 δήσαντες
1000 1454 1102 1521 αότόν
1119 1461 1157 1522 ἐκ
1179 1453 1352 1538 τεσσάρων,

242 1560 298 1630 καί
317 1565 361 1648 τῷ
392 1559 504 1642 στήθει
526 1558 581 1623 καί
602 1562 640 1646 τῇ
669 1563 771 1644 κοιλίᾳ
793 1554 930 1632 πολλοός
960 1561 1002 1622 δι’
1028 1559 1164 1635 α’σπίδος
1189 1561 1351 1640 ἐπιστηρί-

242 1665 368 1742 ξαντες,
399 1664 535 1746 φέρουσι
557 1658 615 1724 τόν
630 1659 785 1726 Ἰουδαῖον
806 1656 1011 1742 περιωδόναις
1037 1653 1117 1742 ἄγαν
1145 1664 1205 1724 καί
1229 1660 1352 1742 α’πηνιός

242 1762 364 1850 σιδὴρρι
398 1760 474 1836 τοός
511 1757 701 1848 όφθαλμοός
730 1763 832 1825 αότοό
863 1759 1114 1842 ε’κταρόττοντα,
1135 1766 1350 1844 βρυχωμένου

81 1903 90 1912 ν
154 1881 158 1885 ’
242 1865 384 1928 κάτωθεν
414 1864 468 1927 καί
504 1859 654 1946 ταύρειον
684 1865 877 1943 μυκωμένου
905 1863 960 1925 κατ’
991 1863 1115 1946 μηδένα
1152 1860 1214 1926 τόν
1239 1861 1384 1927 cenet-u

242 1989 339 2050 ροντα
360 1961 507 2046 ἔχοντας’
549 1962 586 2026 od
607 1960 671 2046 μὴν
704 1957 788 2040 ἅπαξ
810 1965 901 2027 τοῦτο
929 1962 1044 2026 παθόν
1066 1961 1190 2047 opscus
1225 1965 1287 2047 τῆς
1308 1986 1354 2027 τι-

126 2091 130 2102 ’
190 2075 193 2078 ’
242 2068 378 2148 μωρίας,
403 2063 483 2128 etti
503 2067 600 2150 τριχῇ
618 2061 673 2127 τόν
694 2063 824 2148 σίδηρον
845 2071 916 2138 τοῖς
940 2061 1055 2127 τοότου
1076 2067 1264 2146 ecrescere
1295 2057 1354 2145 ὅμ-

242 2189 342 2246 μασιν
365 2163 381 2226 δ
403 2167 459 2246 τῆς
488 2160 658 2228 θεοκεόνου
687 2162 854 2246 τυγχάνων
875 2165 1004 2250 σειροῖς,
1026 2162 1085 2241 ἕως
1106 2165 1162 2228 καὶ
1183 2170 1353 2252 πληροφο-

242 2270 316 2350 ρίαν
339 2269 378 2330 δι’
399 2258 497 2348 ὅρκον
521 2271 662 2347 κείμενος
688 2262 780 2330 ἔθετο
801 2250 907 2331 πόσον
927 2264 984 2351 τὴν
1006 2269 1188 2348 οἰκονσμόαν
1209 2270 1353 2350 ἐκχυθῆ-

241 2394 295 2434 ναι
326 2367 379 2433 καί
408 2361 607 2454 α’πορρεῦσοι
641 2370 704 2433 τεόν
727 2361 849 2441 ἑαυτοῦ
882 2369 1072 2454 ὀφθαλμῶν.
1124 2360 1386 2453 ε’γερθείςοόνλό

242 2470 354 2552 ἀἵματι
387 2469 582 2554 διαβρόχους
603 2466 686 2552 ἔχων
713 2469 790 2545 τοός
811 2465 1022 2555 όφθαλμοός,
1043 2468 1152 2552 θδαμα
1174 2472 1206 2533 δ’
1228 2470 1353 2555 αι’κτρόι

242 2576 297 2635 καί
329 2570 466 2637 ἐλεεινόν
494 2574 550 2635 καί
579 2575 698 2656 θρῆνον
727 2572 881 2657 ε’πιφερον
916 2580 982 2649 τοῖς
1011 2570 1129 2657 δρῶσιν
1159 2572 1353 2653 α’κόθεκτον,

242 2665 385 2753 ἡμιθνὴς
407 2668 516 2756 ἔκειτο,
539 2676 863 2757 προκατειργασμένος
892 2676 951 2755 μὲν
973 2673 1028 2739 καὶ
1047 2677 1083 2761 τῇ
1104 2669 1198 2762 νόσῳ,
1221 2672 1298 2741 τότε
1318 2678 1354 2740 δὲ

316 2876 357 2930 10.
376 2894 432 2934 τινι
446 2870 577 2947 Ἰουδαίῳ
598 2876 728 2951 δμαθεῑλ
810 2878 853 2933 14.
873 2878 1090 2952 ἐκταράττοντες
1108 2879 1139 2934 C.

246 3059 317 3111 enim
336 3058 373 3111 ibi
392 3058 534 3125 pontifices
554 3055 769 3122 chalcedoniae,
789 3067 816 3110 et
833 3058 982 3111 Heracleae
1001 3067 1028 3111 et
1045 3058 1192 3124 Geleneae,
1216 3061 1264 3128 qni
1294 3062 1353 3114 loe-

245 3132 294 3184 dus
315 3146 427 3190 cum-eo
447 3130 631 3197 perfecerant:
653 3130 789 3181 admonuit
808 3146 854 3182 eos
874 3141 902 3183 et
921 3132 1092 3183 iurisiurandi
1113 3138 1140 3183 et
1165 3130 1282 3185 ultionis
1310 3135 1352 3185 di.

244 3204 336 3255 minue.
376 3201 417 3253 illi
438 3210 526 3253 autem
546 3202 667 3270 quamvis
686 3201 815 3253 auxilium
834 3204 860 3252 ei
879 3203 1022 3270 praehere·
1037 3203 1163 3256 volentes
1189 3211 1283 3255 tomen
1309 3207 1350 3255 in.

243 3276 313 3326 llrmi
334 3282 425 3337 erant,
446 3288 504 3323 cum
523 3273 644 3324 homines
665 3271 788 3327 crudeles
808 3282 836 3325 et
854 3274 906 3325 feri
926 3290 984 3325 eum
1003 3282 1128 3341 raperent
1147 3282 1175 3325 et
1194 3278 1275 3343 qnasi
1293 3279 1349 3327 ani.

244 3345 298 3397 mal
317 3352 428 3414 agerent
453 3344 484 3395 ad
515 3346 691 3396 sacrificium:
722 3354 749 3397 et
775 3345 887 3397 castello
914 3345 1082 3398 includentes
1105 3345 1175 3396 hune
1197 3348 1350 3416 frequenter

245 3418 279 3469 ad
297 3429 389 3468 omnes
408 3415 597 3482 respicientem
618 3423 644 3467 et
662 3418 816 3482 pontificum
836 3425 930 3483 postea
949 3418 1096 3469 orationem
1125 3416 1240 3469 liberam
1267 3435 1348 3486 expe-

188 3528 191 3534 .
244 3489 293 3541 riri
312 3496 443 3555 perpetuo
462 3496 616 3553 precantem
636 3486 761 3539 conclavi
779 3490 941 3540 immittunt:
960 3491 1041 3557 etque
1059 3488 1158 3539 ludaeo
1178 3491 1285 3541 cnidum
1299 3492 1347 3540 irn-

243 3562 332 3627 perlto
353 3558 447 3611 talium
465 3573 553 3609 rerum
571 3558 712 3609 oculorum
731 3559 789 3611 eius
808 3560 1005 3611 conlectionem
1023 3561 1179 3625 imponunt,
1201 3562 1347 3613 vincientes

244 3646 306 3682 eum
326 3646 359 3683 ex
378 3638 493 3699 quatuor
510 3630 629 3697 partibus
652 3638 678 3680 et
696 3631 800 3698 pectori
819 3640 900 3699 atque
918 3632 1051 3684 abdomini
1076 3630 1175 3683 multos
1202 3641 1281 3685 scuto
1298 3634 1347 3687 iu-

244 3703 401 3767 primentes,
422 3702 512 3754 lerunt
533 3701 669 3765 Iudaeum,
688 3717 747 3752 cnm
765 3701 864 3753 misere
884 3704 963 3754 nimis
983 3711 1010 3754 et
1030 3701 1177 3754 crudeliter
1190 3704 1265 3755 ferro
1283 3719 1347 3755 ocn-

244 3770 287 3822 los
308 3774 365 3825 eius
387 3774 533 3825 effoderent
552 3772 681 3824 ululantis
702 3788 736 3823 ex
753 3773 846 3824 intimo
866 3781 977 3840 pectore
988 3781 1015 3827 et
1033 3774 1102 3825 tauri
1121 3775 1206 3826 instar
1224 3778 1347 3844 mugien-

244 3842 280 3893 tis
298 3858 387 3911 neque
419 3860 569 3912 quenquam
587 3844 789 3896 misericordem
810 3844 948 3898 habentis:
973 3861 1062 3913 neque
1085 3852 1174 3897 tamen
1193 3848 1279 3899 semel
1298 3845 1347 3896 hoc

243 3927 339 3979 passus
360 3912 489 3966 liberatus
509 3923 549 3968 est
567 3914 688 3980 ultione,
703 3917 751 3969 sed
770 3924 811 3966 ter
830 3916 928 3968 ferrum
947 3916 1026 3968 huius
1046 3917 1133 3969 oeulis
1152 3918 1282 3969 immersit
1299 3918 1348 3969 iste

246 3982 352 4035 assecla
383 3986 581 4039 coniunctionis
609 3989 686 4039 deum
711 3988 872 4052 cruciantis,
899 3989 985 4040 donec
1018 3988 1063 4039 vel
1082 3987 1161 4039 fidem
1180 3989 1347 4041 iureiurando

247 4056 342 4108 iacens
363 4055 444 4118 dedit,
463 4064 548 4108 tolum
567 4059 799 4111 nexuereffusum
819 4075 879 4110 esse
898 4067 926 4111 et
954 4058 1091 4111 effluxisse
1115 4060 1264 4113 oculorum.
1300 4076 1347 4111 ex-

245 4134 387 4193 perrectus
406 4127 490 4194 igitur
509 4129 640 4193 sangnine
660 4130 779 4183 madidos
799 4129 900 4182 habens
919 4131 1024 4194 oculos,
1046 4137 1073 4181 et
1099 4132 1282 4198 spectaculum
1307 4131 1346 4182 ls-

242 4195 389 4255 snentabile
411 4204 438 4248 et
455 4197 581 4269 miserum
611 4197 735 4264 quodque
760 4198 895 4265 planetum
921 4201 1030 4256 afferres
1045 4202 1199 4256 ridentibus
1213 4197 1344 4257 'molern-
