2834 4750
438 337 441 342 t
523 288 765 355 ralartrto.
966 288 976 292 ”
1151 298 1186 354 rx

19 468 26 478 '
89 458 173 533 dem
197 458 444 530 bibliothecae
471 459 665 556 catalogus,
692 482 713 529 a
739 458 817 528 viro
832 454 943 533 docto
959 455 1098 528 Millero
1116 479 1186 528 nu·

87 549 155 682 per
182 582 300 655 editus
316 585 353 672 ¹).
571 567 577 579 ¹
996 592 999 599 “

185 707 350 804 {sigitur
376 706 504 800 codex,
530 706 810 804 decimiquarti,
832 721 873 780 ut
892 705 1048 800 ridetur,
1061 688 1187 801 sectili,

89 834 178 905 olim
207 833 452 905 bibliothecae
478 832 648 904 Matthaei
676 831 857 926 Danduli,
892 831 998 904 initio
1035 857 1077 903 ac
1107 831 1184 904 line

89 958 251 1050 mutilus,
276 958 344 1029 lert
372 959 408 1028 in
435 957 554 1030 lronte
577 956 642 1060 sed
675 982 788 1029 manu
819 955 1017 1028 recentiori
1052 956 1187 1028 lemma

91 1081 197 1154 illud:
224 1081 384 1179 Μιχαὴλ
411 1081 683 1151 Ἀτταλειάτου
704 1080 879 1179 χρονικὸν
905 1080 1097 1181 ἀκέφαλον
1124 1079 1188 1150 καὶ

88 1205 305 1291 ἀτέλεστον,
333 1205 408 1278 α’πὸ
431 1199 497 1288 ’τὴς
523 1205 718 1303 βασιλείας
735 1207 897 1304 Μιχαὴλ
921 1202 990 1276 τοῦ
1015 1206 1188 1302 Τραυλαῠ

90 1331 204 1426 μέχρι
228 1327 292 1414 τὴς
318 1325 511 1428 βασιλείας
538 1324 698 1428 Μιχαὴλ
724 1329 794 1401 aori
818 1328 966 1412 Δουκός.

199 1455 300 1528 Unde
328 1481 457 1527 omnes
484 1456 556 1528 lere
584 1458 619 1527 in
640 1481 799 1536 errorem
825 1455 965 1527 inducti
990 1472 1084 1530 sunt.
1113 1461 1190 1532 Do-

91 1595 172 1653 ctus
196 1594 318 1653 tamen
347 1580 496 1678 quidam
522 1558 906 1680 anonymnsmargini
920 1583 1112 1681 adscripsit
1123 1610 1191 1658 an·

11 1725 13 1732 '
91 1707 319 1778 notationem
353 1706 467 1778 illam:
486 1706 609 1800 ·„Non
641 1721 679 1778 te
716 1706 903 1805 decipiant
933 1711 1190 1807 inscriptiones

91 1809 401 1929 apposilae,xsed
433 1832 559 1902 confer
592 1831 759 1928 codicem
793 1833 893 1905 hunc
926 1859 1008 1906 cum
1043 1833 1188 1934 Georgii

74 1955 250 2038 ,Cedreni
277 1957 466 2028 annalibus
503 1956 756 2054 graecolatinis
782 1958 965 2054 impressis
987 1961 1147 2032 Basileae
1168 1984 1190 2034 a

91 2100 174 2179 pag.
185 2078 264 2154 litt
291 2083 385 2154 linea
410 2083 540 2154 ultima
563 2081 660 2154 illins
687 2083 872 2176 editionis,
896 2098 933 2155 et
958 2083 1100 2165 ridebis
1131 2087 1190 2158 in-

94 2209 223 2304 primis
256 2208 317 2280 hic
343 2208 469 2280 haberi
497 2208 661 2279 ultimam
689 2183 830 2304 partem
866 2210 1040 2281 historiae
1069 2211 1189 2305 illius,

17 2339 22 2348 '
97 2333 280 2406 sciliceta
308 2332 431 2405 medio
467 2333 623 2431 imperio
651 2324 836 2405 Michaelis
863 2334 964 2406 Balbi
994 2359 1113 2432 usque
1145 2334 1192 2410 ad

96 2459 234 2553 finem,
252 2485 363 2556 quem
380 2458 493 2531 finem
514 2459 636 2561 videre
655 2473 708 2531 est
720 2459 781 2531 tot
798 2462 868 2537 ‘267
884 2462 1016 2559 pagina
1030 2450 1210 2534 seeunda'

90 2562 204 2658 huius
230 2579 378 2657 codicis.
442 2584 514 2657 Sed
534 2610 575 2659 ea
600 2610 681 2683 pag.
707 2583 869 2657 secunda
897 2584 1007 2658 huius
1039 2588 1100 2659 lol.
1117 2590 1189 2662 267

95 2712 262 2809 sequitur
286 2711 471 2783 Michaelis
497 2711 691 2785 Attaliotae
726 2709 771 2781 ad
800 2710 1059 2806 imperatorem
1083 2714 1193 2786 Rota·

96 2838 231 2912 niatem
255 2860 323 2931 pro
351 2836 501 2907 historia
528 2833 686 2931 perlecta
719 2828 829 2930 quam
863 2837 1007 2933 scripsit
1038 2837 1192 2935 epistola
1231 2811 1233 2818 Ι

95 2961 335 3054 dedicatoria,
363 2975 398 3032 et
423 2961 568 3032 totana
597 2960 759 3042 historia.
787 2960 997 3056 irnperlecta
1018 2964 1192 3060 utrinque

96 3100 162 3181 est,
176 3089 200 3171 ²)
227 3088 364 3159 scilicet
390 3088 434 3156 ab
456 3060 584 3157 ultimo
612 3085 768 3181 imperio
788 3084 974 3156 Michaelis
987 3087 1191 3185 Paphlago·

99 3212 297 3309 nisusque
324 3210 371 3283 ad
397 3211 607 3281 Michaelem
626 3211 783 3304 Ducam,
810 3210 867 3282 cui
895 3198 1065 3283 successit
1087 3211 1194 3288 Nice·

95 3337 238 3434 phorus
265 3317 495 3429 Botaniates,
518 3338 788 3432 quo'tempore
823 3336 989 3441 lloruisse
1015 3338 1194 3433 probatur

51 3480 54 3489 ·
96 3462 159 3535 hic
186 3462 343 3560 scriptor
369 3463 433 3559 qui
459 3463 512 3532 sic
537 3462 676 3533 lacerus
702 3460 750 3532 ad
772 3485 840 3532 nos
866 3460 1067 3558 perrenit2“
1117 3462 1193 3535 lni-

95 3590 189 3679 tium
214 3588 389 3661 historiae
401 3587 588 3659 Attaliatae
616 3599 652 3657 et
662 3587 1064 3685 cuiusqueparagraphi
1073 3589 1194 3686 prima

98 3756 288 3771 p——u-o--n—no-
292 3756 371 3767 -ι-..αιοι

199 3828 227 3896 t)
249 3824 397 3893 catalogue
416 3826 461 3878 des
482 3824 555 3879 MSS.
575 3841 654 3893 greca
682 3826 715 3877 de
741 3824 766 3875 la
794 3822 980 3893 bibliotheque
1004 3825 1038 3877 de
1056 3821 1203 3889 l’ttscurin„

95 3941 144 3995 par
164 3923 195 3977 E.
218 3924 315 3979 Miller.
353 3923 427 3975 Paris
449 3921 515 3973 1848
533 3936 557 3987 p.
575 3922 631 3974 136.

196 4024 227 4092 2)
248 4022 326 4075 luitio
346 4022 451 4072 unicum
474 4017 565 4069 lolium
586 4011 681 4071 deesse
694 4019 825 4070 videtura
844 4019 933 4071 verbis
953 4011 982 4073 τὸ
998 4020 1045 4087 τῆς
1063 4022 1194 4095 ἱστορίας

97 4158 104 4173 .
126 4156 133 4172 .
156 4156 163 4172 .
184 4118 216 4171 ad
236 4119 318 4171 verba
339 4113 454 4188 Μιχαὴλ
475 4112 582 4176 Δουκός
606 4105 830 4171 ποῦ’Δοκειαιοῦ
850 4114 973 4168 tot-168
991 4117 1092 4171 codicis
1113 4116 1194 4174 Cois.

93 4217 200 4273 liniani.
