2834 4750
503 268 733 343 maronia
821 342 826 349 ,
1071 261 1168 348 ooo.
1210 231 1214 238 ’
1259 334 1269 348 .

22 431 79 511 εἷς
102 434 172 519 τὴν
195 431 451 517 βασιλεύουσαν,
478 425 568 513 citro»
597 436 650 518 τῆς
680 420 832 520 τοιαύτης
857 436 1024 520 ἡγεμονίας
1044 434 1157 523 ἔκρινε,

23 536 89 601 καὶ
112 534 312 615 δσμέστικον
331 537 443 602 τοῦτον
463 533 748 619 προχειρισάμενος
781 534 861 614 μετό
885 540 946 601 τιόν
968 538 1073 602 ciceri
1096 542 1157 602 δυ-

23 630 171 717 νάμεων
195 638 437 718 ἐξαπέστειλεν,
457 639 528 701 νόον
551 640 611 717 μέν
633 632 693 719 τὴν
714 634 848 719 ἡλικίαν,
870 634 1023 721 φρονήσει
1045 640 1079 701 δέ
1103 638 1159 703 καί
1166 636 1170 643 ’

26 738 196 812 διανοίας
218 736 437 821 αταδηρότητι
457 733 605 822 γεραρόν,
627 736 681 801 καὶ
695 736 775 820 πρός
793 736 900 819 μόχας
922 737 978 799 καὶ
1000 741 1156 819 πολέμους

8 835 185 919 λέδραῖσν
210 840 264 903 καί
283 837 548 922 αἰιερικτύτιητον,
568 840 624 902 καί
646 838 684 925 τῇ
706 835 786 922 πρός
800 834 855 901 τόν
874 838 1084 919 βασιλεύοντα
1105 841 1157 903 nl-

28 962 105 1003 στει
129 935 530 1025 θανατηφόρουςπληγός
561 934 606 1023 μή
631 941 796 1003 δειλιιόντα
818 938 881 1021 Ικαὶ
900 937 1156 1019 ταπεινούμενον.

28 1033 69 1116 ός
94 1036 164 1114 τοὶς
191 1040 345 1121 δυνάμεις
367 1037 546 1125 α’νειληηιός
568 1036 648 1105 κατό
669 1042 729 1103 τού
746 1044 923 1124 Βρυεννίου
943 1037 1025 1122 μετὰ
1050 1063 1158 1121 παρα-

30 1142 164 1222 σκευῆς
197 1140 254 1203 καί
280 1141 399 1223 βουλῆς
426 1143 482 1223 τῆς
503 1140 672 1225 δεδομένης
702 1126 790 1229 αύτῷ
812 1138 898 1225 παρό
924 1143 980 1206 τού
1001 1144 1159 1222 βασιλέως

30 1241 192 1321 ε’βύδιζε.
237 1241 293 1305 καό
311 1240 392 1326 πρός
412 1237 508 1307 τόπον
530 1244 562 1307 Γ
559 1239 726 1327 αλαβρύην
751 1238 1018 1323 ἐπονομαζόμενον
1040 1244 1159 1307 διανα-

7 1342 163 1413 υπαύων
185 1339 242 1406 τόν
263 1338 418 1429 στρατόν,
439 1339 544 1423 ἔμαθε
565 1342 653 1426 παρὰ
676 1345 739 1407 τιόν
767 1346 893 1409 σκοπιόν
918 1342 961 1419 ιός
992 1342 1007 1405 ό
1030 1346 1159 1423 Βρυέν-

33 1465 107 1520 νιος
130 1445 256 1528 ἐγγίζει
276 1446 484 1531 πανστρατιᾷ,
503 1447 559 1528 τῆς
570 1442 727 1528 Μεσήνης
743 1445 938 1519 ύπαναστιὶς.
963 1443 979 1507 ό
1002 1447 1037 1508 δὲ
1054 1442 1159 1528 Τούρ-

18 1538 117 1621 ’κους
143 1542 376 1623 ἐξαποστειλας
394 1541 507 1620 νυκτός
526 1546 724 1629 ἐπιφανῆναι
739 1542 820 1627 πρός
841 1545 964 1630 ἡμέραν
979 1552 1043 1621 τοῖς
1063 1548 1159 1610 ε’ναν-

34 1651 124 1721 τίοις
137 1646 303 1725 ἐκέλευσε,
319 1648 375 1710 και·
383 1646 484 1731 φόβον
503 1646 644 1712 ένσελοαι
661 1643 785 1721 τούτοις
804 1647 860 1713 aar*
872 1647 1033 1733 ταραγμὸν
1055 1650 1089 1712 ἐκ
1103 1650 1159 1730 τῆς

34 1750 186 1821 σκοπιᾶς
208 1743 428 1832 φαντάζοντας
449 1746 602 1832 πόλεμον,
630 1753 685 1812 καί
707 1742 791 1811 ούτιυ
813 1757 997 1814 κατασεῖσαι
1018 1750 1088 1829 μέν’
1100 1744 1159 1828 τὰς

7 1850 107 1926 5τσόν
141 1840 324 1913 ἆντιθότιυν
346 1843 480 1930 ψυχός,
503 1847 649 1931 ταραχήν
669 1850 706 1912 δέ
728 1848 769 1935 τῷ
791 1847 996 1935 στρατοπέδῳ
1020 1846 1158 1927 ἐμποιῆ-

38 1974 100 2014 σαι
121 1944 246 2015 τούτου
270 1946 459 2023 όνυπύπτους
479 1945 528 2012 ότι
549 1950 731 2029 βαδίζοντι,
755 1953 808 2013 και1
831 1942 934 2021 ούτονς
957 1946 1158 2029 ὑποστρέψαι

37 2048 100 2114 καί
119 2047 172 2133 μὴ
194 2047 273 2133 πρός
290 2048 548 2138 χεῖρυςπούτσις
568 2053 691 2130 ἐλθεῖν,
712 2046 747 2113 εἴ
764 2065 853 2125 τινας
872 2052 907 2115 δέ
929 2042 1053 2131 εύροιεν
1069 2046 1160 2109 ¹cirro-

38 2146 201 2232 σπόδας,
231 2152 356 2227 τούτοις
388 2148 470 2228 ύςό
493 2148 603 2236 καιρός
639 2152 728 2215 διδοῖ
742 2146 941 2234 χρησάσθαι.
986 2147 1101 2211 τούτου
1124 2149 1161 2211 δὲ

39 2255 223 2333 γινομένου
260 2247 290 2315 αἱ
319 2254 378 2331 μέν
399 2255 459 2316 τού
481 2254 658 2337 Βρυεννόου
687 2251 883 2336 στρατιῶται
915 2250 1056 2333 ταρόχου
1078 2254 1160 2333 πλη-

5 2355 184 2431 ιοσθέντες
205 2349 264 2428 τός
285 2352 397 2435 ψυχας
414 2348 704 2438 κατεσπύσδησαν·
750 2348 779 2418 ot‘
808 2353 842 2417 δέ
868 2352 1003 2430 Τούρκοι
1025 2347 1161 2424 πολλούς

43 2452 246 2528 α’ποσπύδας
268 2450 521 2536 καταβαλόντες,
541 2455 599 2518 κόν
619 2450 722 2544 ταύτην
743 2456 786 2541 τῷ
805 2450 886 2542 ἔργῳ
908 2454 985 2525 τοὺς
1005 2453 1162 2537 Βρυεννί-
1237 2441 1242 2454 ’

43 2578 103 2630 τας
137 2554 475 2639 καταμοχλεύσαντες,
504 2554 713 2639 όπέστρεηυαν
745 2555 791 2633 εἰς
817 2550 886 2619 τόνΙ
902 2550 985 2618 ἴδιον
1015 2551 1162 2638 στρατόν,

44 2653 104 2722 τόν
128 2654 270 2738 πόλεμον
296 2653 541 2745 όγγΙζεινιαότρό
553 2659 826 2739 καταγγέλλοντες.
871 2651 886 2717 ό
911 2655 946 2718 δέ
966 2652 1162 2734 διαταξάμε-

45 2779 102 2834 νος
126 2759 170 2823 τιὶ
200 2753 417 2842 προσήκοντα,
445 2761 501 2823 κατ’
530 2754 648 2834 αόντας
680 2756 909 2844 παραγγελίαις
939 2761 1162 2841 στρατηγικαῖς

50 3053 109 3119 bat,
132 3059 163 3106 et
179 3049 354 3104 domesticum
373 3049 445 3102 hunc
470 3062 564 3104 σιετιιι
584 3066 643 3104 enm
669 3051 727 3101 einr
750 3047 912 3101 exercitibus
935 3048 1016 3114 misit,
1034 3050 1161 3102 iuvenem

52 3125 168 3193 quidem
187 3130 286 3186 aetate,
306 3122 447 3189 prudentia
466 3128 554 3174 autem
574 3130 602 3174 et
619 3121 700 3173 animi
720 3119 1063 3173 constantiavenerabiiem
1083 3118 1161 3172 etad

52 3211 162 3266 pugnas
185 3202 211 3247 et
230 3193 304 3246 bella
322 3194 457 3250 immotum
476 3195 642 3246 etinvictunr
660 3192 812 3261 nequefide
830 3207 895 3260 erga
912 3207 1005 3260 regem
1022 3192 1161 3244 mortifera
1210 3244 1214 3258 ,

52 3267 174 3320 vulnera
192 3265 328 3318 timentem
354 3272 563 3333 parentemque:
589 3266 634 3332 qui
660 3264 766 3332 quidem
790 3279 883 3316 manus
908 3265 1050 3330 recipiens
1068 3271 1161 3316 contra

52 3338 224 3406 Bryenniurn
244 3353 302 3390 cum
322 3343 449 3405 apparatu
469 3343 496 3388 et
514 3334 628 3387 consilio
655 3336 717 3386 doto
744 3336 769 3386 ei
797 3350 812 3387 a
841 3349 907 3402 rege
929 3334 1109 3402 procedebat,
1135 3341 1161 3385 et

54 3411 129 3477 apud
148 3409 254 3473 locum,
273 3409 318 3478 qni
338 3405 485 3473 Galabryes
505 3415 625 3472 vocatur,
637 3421 764 3458 recreans
784 3407 930 3458 exercitum
949 3405 1052 3458 audivit
1069 3420 1161 3473 σερε.

55 3479 225 3533 calcatoribus
234 3479 397 3545 Bryenniurn
416 3479 629 3547 appropinquare
648 3493 707 3529 curn
728 3485 785 3529 toto
805 3477 925 3530 exercitu
945 3477 1080 3529 ailesene
1096 3490 1161 3545 pro..

57 3553 180 3604 iectura:
199 3549 244 3600 hie
262 3556 349 3601 autern
359 3549 456 3601 Turcaa
474 3551 580 3602 mittens
598 3557 690 3614 noctu,
709 3563 841 3616 apparere
859 3549 902 3600 die
921 3548 1084 3601 adversariis
1103 3549 1163 3602 ins.

56 3625 115 3688 sit,
145 3628 172 3672 et
189 3628 287 3672 metum
306 3621 428 3671 incutere
447 3620 489 3672 his
509 3628 535 3672 et
553 3621 655 3673 turbam
675 3636 690 3671 e
709 3619 828 3688 speculis
847 3627 1079 3685 repraesentantes
1098 3618 1161 3672 bel-

57 3694 136 3759 lurn,
165 3700 245 3760 atque
263 3693 302 3743 sic
321 3699 463 3759 percutere
481 3692 695 3745 adversariorum
717 3693 839 3755 animos,
865 3697 892 3742 et
910 3690 1012 3742 turbam
1032 3690 1163 3743 exercitui
1186 3708 1190 3718 ’

58 3779 173 3818 rnovere
194 3764 254 3816 sine
273 3762 427 3829 suspicione
446 3761 532 3815 adhuc
554 3764 730 3829 procedenti,
755 3771 835 3832 atque
854 3761 891 3812 ita
920 3761 1049 3814 recedere
1074 3776 1163 3830 neque

60 3837 94 3888 ad
110 3851 205 3888 manus
224 3834 266 3886 his
285 3834 448 3885 convenire:
468 3833 594 3885 sinxvero
616 3848 683 3902 quos
701 3835 857 3886 invenirent
874 3833 1026 3899 dissipatos,
1046 3833 1106 3898 his,
1134 3839 1164 3884 ut

62 3916 169 3974 tenipus
187 3907 364 3974 permitteret,
383 3904 431 3956 uti.
469 3903 521 3954 hoc
540 3911 627 3955 autern
646 3904 717 3955 facto
737 3903 866 3970 Brycnnii
884 3902 984 3956 milites
1011 3904 1088 3957 turba
1112 3905 1165 3956 irn-
1228 3917 1232 3922 ·

63 3977 133 4046 pleti
150 3979 179 4029 in
197 3978 292 4030 animis
311 3975 431 4043 dissipati
450 3982 528 4027 sunt:
546 3974 648 4026 'furcae
668 3983 755 4026 autern
774 3981 913 4042 postquam
932 3973 1029 4028 multos
1049 3976 1164 4044 dissipa.

64 4057 109 4101 tos
128 4056 294 4118 occuparunt
312 4056 339 4100 et
357 4048 384 4098 in
407 4045 460 4100 hoe
480 4060 563 4114 opere
572 4045 733 4112 Bryennitas
752 4044 927 4112 depulerunt,
945 4056 1116 4101 recesserunt
1133 4047 1167 4099 ad

66 4135 146 4171 suum
168 4123 336 4185 exercitam,
354 4117 457 4170 bellum
475 4117 691 4187 appropinquare
712 4119 738 4169 ei
755 4117 917 4170 nuntianter.
955 4118 978 4170 is
997 4129 1084 4173 autem
1112 4120 1166 4172 im-

64 4206 163 4261 perans
182 4209 251 4264 quac
269 4198 331 4262 apta
349 4197 434 4257 erant,
453 4197 583 4245 etoruues
603 4190 743 4259 promissis
762 4189 941 4259 imperatoriis
960 4192 1116 4246 confirmans
1138 4197 1166 4244 et

138 4287 222 4345 utet.
241 4287 324 4344 Auct.
343 4287 411 4342 ssiat.
942 4288 986 4344 19.
