2834 4750
513 261 724 342 auronius
1011 361 1019 368 ,
1095 236 1170 338 'rot'

41 427 200 520 Δούκρι,
229 424 298 493 ἐπεί
330 427 385 493 καί
403 427 514 506 σκαιδς
532 428 644 516 1ἐφάνη
666 430 720 495 καί
749 433 917 514 διαβολεύς
939 437 994 498 καί
1013 432 1172 519 σοφιστῆς

43 529 131 591 τῶν
161 530 264 592 κακῶν
294 522 338 603 ἀς
371 525 427 592 καί
457 529 535 594 κατά
572 533 627 614 τῆς
649 529 841 616 Αάχούστης
860 518 1008 629 μοιχείας
1029 531 1171 620 ἔγκλημα

41 631 104 713 τῷ
128 633 259 710 βασιλεῖ
275 629 511 713 ύπσφιθυρίσαι
532 633 643 720 φθόνῳ
664 635 726 696 τού
746 637 1093 717 σονεξυπηρετουμένου
1116 635 1172 700 καί

42 731 359 812 συνδιενεργσύντος
389 729 474 818 αὐτῷ
497 730 633 817 Μιχαὴλ
654 735 714 796 τού
735 733 933 816 Νικομήδου,
956 737 1010 816 τῆς
1028 738 1087 812 μὲν
1105 742 1171 818 βα-

9 833 189 915 5σιλικῆς
218 831 449 914 παραστάσεως
475 835 692 924 ἀπεπέμφθη,
720 830 796 911 δούξ
819 835 855 898 δέ
878 835 934 918 τῆς
955 832 1036 897 κατά
1062 835 1170 918 κοίλην

44 935 188 1015 Συρίαν
220 932 412 1015 Ἀντιοχείας
452 935 658 1018 ἀποδειχθείς
693 936 771 1006 ου’δέ
808 920 873 1010 τοῖς
909 937 1012 1010 ἐκεῖσε
1038 939 1169 1021 μέρεσιν

45 1031 255 1117 ἀπράγμονα
270 1032 324 1098 καί
336 1033 549 1101 ἀστασίαστον
562 1034 622 1118 τήν
634 1034 791 1119 διαγωγήν
800 1040 1019 1116 καταλέλοιπε,
1040 1037 1171 1123 προφύ-

46 1157 131 1209 σεις
149 1137 300 1213 ’πολέμων
322 1137 356 1198 ἐκ
369 1134 566 1219 κατασκευης
588 1141 753 1222 φρουρίων
775 1134 995 1221 ἐπισυνείρων,
1021 1136 1077 1200 καί
1096 1141 1168 1200 δια-

47 1236 181 1300 νιστοῖν
201 1233 276 1308 τούς
298 1234 501 1320 Σαρακηνούς
525 1237 947 1318 ἀντιπολάτματαχουνιστάν
970 1259 985 1299 ε

8 1354 37 1407 ιο
48 1331 166 1419 ἄκρας
196 1335 350 1402 ἐπίδοσιν.
404 1340 459 1402 καί
482 1344 630 1418 πολεμεῖν
656 1341 717 1419 μὲν
742 1338 868 1412 τούτοις
894 1331 915 1421 ἢ
939 1343 1169 1417 καταπολεμεῖν

47 1435 106 1518 μὴ
145 1433 337 1519 δυνάμενος,
378 1437 598 1518 ἀντιπολεμεῖν
632 1447 697 1512 τοῖς
723 1439 895 1519 Ῥωμαίοις
931 1440 987 1500 καί
1013 1439 1169 1502 ἀνδιστάν

50 1537 252 1620 προσοίκους
272 1534 379 1615 πόλεις
401 1547 465 1615 τοῖς
485 1538 677 1620 Ῥωμαϊκοῖς
708 1539 807 1624 ὁρίοις
833 1541 999 1624 η’ρέδῑζεν·
1043 1537 1086 1600 ού
1102 1535 1168 1620 μην

53 1641 136 1718 ἀλλ’
158 1633 233 1702 σύδέ
254 1647 320 1716 τοῖς
342 1643 506 1725 ἐγχωρίοις
529 1639 746 1724 Ἀντιοχεῦσιν
775 1641 985 1724 ἀνενύχλητον
1014 1642 1068 1702 καί
1088 1630 1169 1702 ἀλυ-

52 1763 124 1804 πον
158 1736 214 1823 την
241 1737 402 1824 διαγωγὴν
428 1737 621 1825 συνετήρησε
634 1764 645 1822 ,·
667 1743 742 1807 ποτέ
761 1745 820 1822 μὲν
838 1738 895 1814 τάς
917 1738 1040 1820 κτήσεις
1063 1739 1171 1800 αύταῖν.

8 1852 40 1904 [5
52 1835 312 1928 ἀφαιρούμενος,
335 1842 410 1904 ποτὲ
432 1841 467 1903 δέ
482 1840 709 1925 καταβαρύνων
731 1841 832 1915 αύτάς
848 1837 1039 1920 ἀπαιτήσεσι
1061 1861 1169 1918 παρα-

53 1940 168 2026 λόχρις
189 1940 244 2004 καί
266 1941 418 2026 ἀπηνέσιν
441 1945 621 2028 ἐπιφοραῖς.
668 1941 703 2015 δς
723 1944 777 2024 τῆς
799 1941 903 2024 ἀρχῆς
920 1942 1039 2021 ταύτης
1058 1961 1168 2019 παρα-

8 2081 9 2084 =
54 2031 192 2119 λυθείς,
225 2044 280 2107 καί
299 2042 378 2122 μετά
410 2047 512 2107 ταύτα
539 2042 643 2123 πάλιν,
667 2037 719 2107 οἷα
747 2038 787 2106 τοὶ
810 2045 866 2105 τοῦ
885 2045 1076 2122 κρατοῦντος
1096 2037 1167 2102 τότε

55 2145 216 2228 περιπετῆ
246 2147 301 2206 καί
327 2145 523 2226 ἀκυβέρνητα
562 2143 784 2228 ἐφευρήματα,
806 2135 967 2226 πεμφθείς
990 2142 1035 2216 εἰς
1056 2143 1296 2206 decvs-moos.

58 2269 125 2328 ραν
166 2243 354 2328 ἡγεμονίαν,
379 2245 435 2308 ούκ
467 2242 581 2308 ἐλάττω
610 2247 671 2307 τοῖν
701 2247 860 2327 προτέρων
895 2243 953 2326 την
980 2231 1167 2327 μοχθηρίαν

10 2343 231 2429 λθείσηνεγκε.
279 2349 336 2411 τού
357 2347 392 2411 δὲ
411 2341 633 2426 βασιλεύοντος
663 2340 868 2430 τεθνηκότος,
889 2346 945 2407 καί
964 2347 1019 2426 τῆς
1037 2341 1169 2426 Αύγού-

58 2474 137 2532 σεης
160 2446 217 2531 την
239 2445 458 2531 αύτοκρύτορα
481 2448 705 2537 περιελομένης
726 2443 850 2531 ἀρχήν,
872 2443 947 2528 ἔσχε
968 2469 1020 2520 τις
1040 2448 1167 2510 ἐναντία

59 2550 146 2633 τύχη
168 2548 224 2614 τόν
242 2545 453 2634 πονηρότατον
467 2549 575 2613 τοῦτον
595 2552 648 2611 καί
667 2546 874 2611 ἀδικώτατον.
917 2541 1082 2629 βασιλικὸν
1104 2542 1165 2629 γάρ

61 2649 168 2733 δόγμα
200 2647 380 2730 καταλαβόν
404 2647 502 2713 αάτόν
523 2650 567 2724 είς
587 2648 643 2733 τὴν
660 2640 860 2730 Ἀντιόχειαν
891 2650 929 2736 τῇ
952 2650 1010 2710 τού
1032 2648 1167 2728 αἵματος
1245 2641 1247 2650 ’

66 2754 198 2839 φρουρρῖ
219 2751 436 2835 παραδέδωκε,
457 2749 512 2815 καί
532 2743 572 2835 ἦν
592 2746 777 2837 ἔμφρουρος
798 2750 852 2815 ἐπί
868 2747 984 2835 χρόνον
1002 2747 1074 2816 τινὰ
1095 2743 1166 2814 κατ’

134 2918 161 2975 tl.
181 2920 387 2995 Νικομηδίυςλ
426 2977 427 2985 ¹
470 2920 496 2975 8.
513 2924 657 2995 πολεμίων
676 2922 704 2975 G.

63 3066 171 3126 Duces,
198 3076 257 3113 cum
275 3068 410 3114 tortuosus
429 3070 571 3129 appareret
600 3069 627 3113 et
653 3060 829 3112 calumniator
850 3068 877 3111 et
893 3061 1058 3113 machinator
1076 3059 1166 3111 malo.

64 3151 132 3199 rum,
151 3136 189 3185 ita
207 3142 236 3185 ut
255 3134 333 3183 etiam
357 3134 390 3185 de
408 3134 546 3202 Augustae
574 3132 705 3184 adulterio
735 3132 886 3183 convicium
911 3134 970 3199 regi
988 3133 1167 3183 insusurraret

64 3207 166 3259 invidia
192 3212 337 3255 commotus
355 3205 494 3257 Michaelis
519 3204 668 3267 Nicomedi,
688 3204 734 3271 qui
760 3218 819 3253 cum
840 3217 872 3252 eo
895 3204 1034 3255 serviebat
1053 3211 1079 3253 et
1098 3217 1165 3269 age.
1224 3196 1228 3204 '

64 3279 119 3341 bat,
139 3293 155 3328 a
172 3277 247 3345 regia
266 3277 371 3343 quidem
397 3276 458 3327 aula
478 3278 600 3330 dimissus
622 3283 677 3339 est,
707 3275 759 3326 dux
778 3281 866 3324 autem
884 3274 1045 3326 Antiochiae
1064 3272 1167 3327 Coele.

66 3349 194 3416 suriensis
212 3347 380 3411 declaratus,
400 3364 434 3399 ne
454 3348 494 3400 his
515 3349 621 3416 quidem
639 3346 760 3413 partibus
788 3346 943 3398 intentatam
963 3355 990 3398 et
1007 3344 1166 3397 inturbatam
1201 3387 1205 3391 .

67 3420 317 3473 administrationem
336 3419 461 3487 reliquit:
480 3419 664 3471 simulationes
689 3418 847 3469 infestorum
866 3427 994 3485 apparatu
1013 3415 1167 3484 praesidio.
1212 3474 1215 3479 ⁸

66 3508 123 3545 rum
153 3507 295 3544 conserens
316 3500 342 3543 et
361 3493 480 3544 excitans
500 3491 664 3555 Saracenos,
685 3498 715 3540 ut
734 3489 830 3555 oppida
849 3490 961 3541 adversa
981 3495 1115 3541 struerent
1133 3485 1167 3536 nd

66 3564 135 3617 arcis
153 3565 295 3631 impetum,
323 3570 349 3615 et
376 3578 434 3613 cum
463 3562 567 3615 bellare
587 3570 679 3615 contra
706 3561 755 3613 hos
781 3560 827 3612 vei
854 3562 992 3613 debellare
1020 3576 1074 3612 non
1100 3572 1166 3625 pos.
1199 3586 1203 3590 ν

67 3644 125 3699 set,
149 3636 181 3687 ad
208 3635 358 3687 bellandum
387 3642 479 3686 contra
506 3633 621 3687 Graecos
647 3641 674 3684 et
696 3634 872 3686 resistendum
898 3633 977 3685 urbes
1006 3633 1166 3702 Graecorum

67 3706 160 3760 linibus
181 3707 284 3761 vicinas
305 3706 447 3758 excitabat.
467 3704 513 3759 sed
526 3721 561 3757 ne
579 3706 718 3773 indigenas
738 3705 844 3773 quidem
858 3705 1055 3757 Antiochenses
1075 3704 1166 3771 quiete

69 3789 95 3831 et
113 3780 169 3830 sine
187 3778 319 3830 molestiis
338 3793 420 3845 agere
445 3778 523 3841 sivit,
544 3779 621 3829 modo
638 3778 715 3828 honis
734 3775 882 3843 spoliatos,
901 3777 980 3827 modo
998 3775 1165 3843 erogationi.

68 3852 115 3903 hus
137 3851 283 3901 temerariis
302 3857 427 3918 gravatos
445 3849 605 3917 tributisque
630 3846 792 3899 crudelibus.
832 3848 877 3915 qui
897 3848 947 3899 hoc
965 3863 1076 3898 munere
1096 3863 1165 3897 exu.
1207 3895 1211 3900 .

69 3930 109 3973 tus
126 3936 187 3972 mox
206 3922 311 3985 iterum,
331 3928 361 3972 ut
381 3928 455 3971 erant
475 3922 531 3972 eius
552 3922 596 3986 qui
616 3927 671 3969 tum
691 3917 820 3987 regnabat
838 3919 997 3985 praecipitia
1018 3928 1045 3971 et
1062 3919 1165 3970 turbida

71 3991 189 4055 consilia,
207 3994 234 4042 in
254 3993 396 4045 secundam
414 3992 509 4043 missus
528 3991 723 4058 praefecturam
742 4003 796 4039 non
815 3991 944 4041 minorem
964 3990 1054 4041 attulit
1071 3991 1165 4057 pravi.

70 4073 154 4115 tatem.
191 4079 261 4131 rego
276 4072 379 4115 mortuo
401 4071 427 4114 et
445 4064 565 4131 Angusta
583 4076 694 4128 regnum
714 4062 828 4126 adepta,
846 4064 921 4113 varia
941 4062 991 4118 luit
1008 4063 1118 4129 pessimi
1139 4068 1166 4111 et

72 4135 233 4187 iniustissimi
255 4134 369 4187 hominis
389 4136 502 4187 lortuna.
522 4134 691 4200 rescriptum
700 4133 770 4183 enim
789 4134 986 4200 imperatorium
1005 4133 1165 4186 Antiochiae
1208 4152 1212 4156 ·

73 4221 128 4257 eum
146 4204 340 4272 deprehensum
367 4208 394 4259 in
412 4204 521 4259 vincula
539 4214 662 4273 tanquam
690 4218 875 4273 percussorem
894 4206 1019 4270 coniecit,
1038 4213 1067 4256 et
1083 4201 1166 4255 iacuit
