2834 4750
516 265 753 380 mercatis
870 261 945 290 ’“
1100 253 1181 342 tot

68 435 223 522 δπίξιον,
259 439 315 507 καί
341 444 509 524 προθεῖναι
533 451 600 507 κατ’
633 445 735 508 oritoni
764 441 985 530 δικαστήριον,
1020 445 1077 510 καί
1095 439 1178 525 μετὰ

70 541 246 624 διάγνωσιν
269 533 420 630 καταδίίιη
453 547 512 621 μὲν
535 543 752 667 θανατηφόρφ
773 540 884 610 τοῦτον
904 544 1095 627 ὑποβαλεῖν,
1118 541 1179 608 α’ν-

67 667 219 725 τιστησαι
237 647 272 709 δὲ
293 669 333 730 τῳ
359 644 471 732 δικαίῳ
494 643 579 731 χόλῳ
606 643 640 708 τὸ
662 645 842 767 ἠπιώτατον
868 646 922 711 καί·
942 647 1179 733 φιλάνθρωπον,

67 747 127 808 καί
149 769 230 810 αντω
255 746 394 831 φυλάξαι
414 749 451 831 τῇ
465 745 680 842 Ρωμαίων’
662 750 750 833 αρχῇ
771 753 954 831 τηλικοῦτον
981 747 1179 830 στρατιώτην

21 866 126 919 5ιιαι
152 842 349 930 στρατηγόν,
378 842 594 926 tvttpctovff
580 871 612 908 εν
645 855 710 920 τοῖς
742 851 972 931 φλεγμαίνουσι
1000 855 1106 923 κακοῖς
1125 839 1197 929 τῆς

67 941 157 1019 ἓώας
187 944 343 1010 ἰάσασθαι
366 943 466 1008 πολλοὶ
488 948 550 1011 τών
571 948 669 1029 αατῆς
689 947 952 1035 σαντριμμάτων,
975 941 1055 1013 ώστε
1078 944 1179 1029 χάρι-

66 1068 131 1118 τας
154 1041 391 1129 ὁμολογήσαντα
417 1049 471 1129 τῆς
500 1050 660 1131 σωτηρίας
679 1049 721 1132 τῷ
751 1051 882 1128 βασιλεῖ
907 1053 962 1114 καί
978 1045 1180 1129 ἀνυπερβλή-

67 1167 148 1218 τους
185 1145 392 1228 ειῖχαριστίας
423 1145 616 1228 πεποιηκότα
649 1142 741 1230 (ὅπερ
773 1145 896 1224 πάντως
928 1147 1048 1233 ἀνάγκη
1079 1149 1179 1234 ταύτην

68 1247 203 1329 ποιῆσαι
227 1237 284 1326 ἦν,
319 1248 431 1330 λογικῷ
452 1270 484 1308 τε
517 1239 583 1310 ὄντι
616 1249 671 1310 καί
704 1244 886 1331 φρονήσεως
911 1251 969 1312 ονίι
991 1249 1179 1333 α’μσιροῦντι

10 1369 56 1423 [ο
70 1350 225 1431 στερρᾶς)
249 1351 355 1426 λαβεῖν
383 1345 440 1431 την
465 1343 633 1429 ἡγεμονίαν
661 1350 721 1410 τοῦ
743 1343 882 1430 πολέμου
906 1353 960 1413 καί
977 1353 1031 1433 τῆς
1050 1345 1181 1427 πιεζού-

72 1471 134 1531 σης
153 1449 327 1529 ἐπιδρομῆς
358 1451 577 1572 ἑλεγθερωσαι
608 1473 647 1510 τα
671 1446 756 1530 ἓώα,
783 1442 857 1514 ὅσον
879 1473 914 1533 γε
939 1445 1009 1534 ἥκει
1030 1451 1097 1513 κατ’
1119 1449 1180 1512 α’ν-

73 1545 280 1669 θρφπιηνην
262 1569 384 1612 εννοιαν
400 1551 433 1612 ἐκ
457 1551 512 1630 τῆς
533 1573 594 1612 των
617 1555 778 1638 προτέρων
800 1551 901 1615 ositeri
922 1547 1179 1676 κατορθωματων
1232 1575 1247 1587 τ

73 1651 131 1710 καί
153 1645 360 1733 τολμηματων
389 1646 621 1732 reacceperint,
651 1689 691 1701 -
719 1676 764 1733 μη
796 1675 972 1735 πεποιηκώς
1000 1643 1057 1716 ουν
1079 1672 1181 1727 ουτως

74 1745 91 1808 ὁ
115 1749 288 1828 βασιλεύς,
319 1743 398 1813 αλλὰ
424 1752 465 1834 τῷ
485 1752 581 1837 &optegi
609 1749 642 1814 ιδ
677 1752 825 1814 πλεῖστ’
803 1757 977 1832 απονείμας
998 1755 1053 1815 τοῦ
1075 1753 1181 1834 πρδγ·

11 1867 63 1920 15
73 1871 188 1930 ματος,
205 1845 302 1912 ἔλαθε
320 1853 469 1934 μεγίστης
485 1849 598 1932 ἰσχύος
620 1851 675 1916 καί
686 1852 862 1935 εὐπραγίας
883 1852 1103 1935 α’ποσιερήσας
1124 1848 1190 1934 τῆν’

70 1947 239 2028 Ῥωμαίων
265 1949 389 2034 α’ρχήν,
412 1950 457 2024 ώς
487 1954 543 2015 καί
574 1949 654 2030 μετα
678 1956 780 2016 ταῦτα
810 1950 849 2014 τὰ
884 1951 1057 2033 πράγματα
1079 1972 1182 2033 παρε-

73 2045 243 2132 στήσαντο.
288 2047 454 2134 παραδόδς
486 2049 584 2115 aoros
618 2061 682 2127 τοῖς
703 2057 930 2136 βασανισταῖς,
952 2055 1077 2130 ξεσμοῖς
1103 2049 1190 2134 dep-⁴

73 2152 198 2223 κέστοις
221 2147 273 2213 διαὶ
295 2151 488 2233 βσυνεώρων,
510 2145 553 2226 ώς
574 2176 646 2215 τινα
669 2154 782 2217 δοῦλον
812 2154 980 2234 δραπέτην,
1002 2147 1102 2215 αδτὸν
1124 2175 1179 2214 κα·
1251 2181 1253 2186 ·

74 2253 250 2331 θνπέβαλε,
273 2250 327 2313 καί
352 2251 472 2326 εἰς’ἓνα
495 2255 557 2316 τών
578 2252 707 2334 πύργων
738 2251 955 2333 κατακλείσας,
976 2248 1106 2336 ζοφώδη
1128 2253 1210 2323 soit.
1221 2268 1311 2325 2111,

21 2376 63 2433 φρ
75 2351 339 2437 ἀφιλάνθρωπον,
363 2354 557 2437 α’τημέλητσν
574 2347 642 2436 εἶχε
659 2355 715 2417 καί
727 2356 868 2435 σχοίνοις
882 2355 1024 2439 σιδηροῖς
1039 2354 1179 2435 δέσμιον.

190 2446 296 2538 Ἔφθη
327 2448 382 2517 οὖν
414 2453 432 2517 o‘
463 2460 595 2539 Νέστωρ
624 2454 679 2537 τὴν
714 2456 934 2539 μελετωμίνην
976 2452 1181 2538 ἐκπληρώσας

75 2550 206 2637 βουλήν,
228 2558 283 2618 καί
305 2553 383 2636 μετὰ
407 2558 468 2621 τών
492 2555 705 2636 Πατζιναῖκων
727 2560 773 2632 εἰς
796 2555 852 2639 τὴν
877 2554 1101 2639 Μακεδονικὴν
1121 2557 1181 2637 ε’μ-

79 2654 205 2737 βαλών,
234 2658 288 2720 καί
311 2657 429 2740 ταύτην
450 2660 552 2731 κακώς
573 2650 655 2739 ἄγαν
683 2654 739 2721 καί
759 2660 887 2741 α’πηνώς
917 2658 1067 2731 διαθοι’ς·“
1104 2655 1180 2721 οίδδ

152 2848 176 2901 t.
198 2826 434 2935 ὁμσλργὴσονταο
454 2857 481 2901 ct
498 2849 739 2917 πεποιηκόταςθ
759 2850 879 2904 correxit
896 2850 1038 2920 interpres.
1136 2848 1179 2901 tt.

150 2913 301 2995 napudoris
319 2916 376 2995 γὰρ
395 2916 502 2976 citor?

79 3086 182 3138 nationi
203 3086 296 3152 capitis
317 3084 386 3137 hunc
406 3086 549 3151 subiicere,
570 3101 708 3154 opponere
728 3094 816 3137 autem
834 3087 904 3137 iusto
924 3084 985 3136 odio
1010 3082 1179 3137 clementiam

81 3166 108 3209 et
127 3157 316 3212 humanitatem
337 3166 417 3241 atqpe
436 3159 475 3211 sic
493 3174 605 3211 servaro
623 3157 809 3210 Graecorum
801 3155 1004 3223 tmperiotalem
1021 3155 1132 3207 militem
1153 3164 1180 3208 et

80 3230 189 3292 ducem,
210 3231 254 3297 qui
274 3239 365 3295 posset
386 3230 413 3280 in
432 3229 604 3298 flagrantibus
633 3229 709 3281 maiis
738 3230 849 3280 orientis
880 3227 979 3278 mederi
1004 3225 1095 3278 multis
1121 3227 1202 3280 eius⁴

78 3301 186 3363 ictibus,
207 3302 305 3385 quippe
326 3316 384 3351 eum
402 3302 496 3353 merita
517 3302 697 3353 concessisset
722 3299 816 3351 salutis
845 3300 904 3367 regi
933 3305 959 3349 et
983 3297 1179 3364 insuperabiles

78 3379 169 3439 grates
189 3372 304 3439 egisset.
324 3372 351 3424 id
362 3373 433 3440 quod
446 3374 552 3425 omnino
571 3373 688 3456 oportuit
706 3365 781 3422 hunc
789 3370 880 3422 iacere
892 3377 997 3421 cautum
1015 3384 1103 3437 neque
1113 3384 1179 3437 pru
1241 3375 1243 3379 “

79 3444 186 3495 dentiae
207 3453 342 3510 expertem
367 3446 528 3505 constantis:
549 3446 648 3513 quique
669 3451 762 3527 posset
787 3444 925 3509 suscipere
949 3441 1089 3525 imperinm
1113 3439 1179 3511 pelli

80 3523 142 3567 eta
164 3514 301 3567 molesta
294 3516 435 3567 invasione
455 3516 572 3567 liberare
598 3516 708 3567 orientis
727 3523 823 3578 terras,
843 3522 967 3582 quantum
987 3512 1015 3563 in
1045 3511 1180 3563 hominum

79 3587 194 3639 animum
213 3588 288 3639 venit
315 3603 348 3637 ex
374 3586 588 3639 consideratione
612 3588 730 3654 priorum
759 3587 816 3637 eius
835 3586 1007 3638 victoriarum
1028 3591 1055 3634 et
1073 3583 1179 3635 iocino-

78 3674 136 3711 rum
155 3658 308 3710 audacium:
328 3658 442 3709 sednon
461 3659 500 3709 sic
520 3674 602 3727 egens
618 3674 675 3723 rex,
695 3659 763 3709 sed
756 3673 813 3709 rrae
829 3656 971 3724 plurimum
990 3654 1029 3706 rei
1049 3653 1178 3719 astruens,

79 3731 187 3782 nescius
215 3729 328 3781 maximo
353 3728 451 3781 robore
480 3739 506 3782 et
525 3738 623 3782 eventu
649 3731 767 3795 privavit
796 3727 990 3780 Graecorum
983 3728 1134 3793 imperium,
1151 3732 1181 3777 ut

82 3802 159 3853 etiam
179 3809 273 3867 postca
291 3818 334 3853 res
354 3799 530 3867 apparebant:
558 3802 663 3865 tradens
690 3818 748 3852 enm
768 3798 928 3861 tortoribus,
956 3798 1142 3850 cruciatibus
1135 3813 1180 3848 m-

81 3871 244 3925 sanabilibus
257 3874 411 3925 exuviarum
430 3871 585 3925 bubularum
605 3880 728 3940 tanquam
747 3887 853 3923 servum
873 3870 1015 3938 fugitivum
1035 3886 1094 3921 eum
1114 3869 1180 3925 sub-

81 3944 145 3995 iecit
164 3953 190 3995 et
209 3946 235 3995 in
255 3946 321 3995 turri
341 3942 480 3995 includens
500 3942 613 3995 obscura
627 3951 653 3993 ct
671 3944 813 3994 inhumana
834 3941 937 3993 honore
957 3941 1118 3994 deminutum
1135 3949 1180 3992 te-

81 4014 160 4067 nebat
180 4024 213 4067 et
226 4015 339 4069 vinculis
360 4015 455 4067 ferreis
472 4015 633 4075 adstrictum
1052 4038 1062 4063 ι

180 4108 334 4160 λοιεκετοίι
359 4090 441 4174 igitur
458 4104 554 4159 Nestor
574 4112 698 4157 statutum
719 4110 861 4154 exsecutus
882 4102 1038 4167 eonsilium,
1069 4110 1097 4155 et
1121 4115 1180 4153 curn

82 4179 262 4234 Petninrcis
254 4194 283 4232 rr
310 4178 491 4232 Macedoniam
521 4177 650 4231 invadens
683 4181 710 4227 et
735 4174 803 4227 hene
835 4175 950 4241 pessime
979 4183 1007 4228 et
1035 4173 1180 4229 crudeliter
