2834 4750
427 207 428 212 Ν
508 203 716 336 nunonis.
780 295 787 312 ·
1114 249 1168 330 dt·

58 446 183 498 αστεας
201 423 302 505 πύλης
324 424 474 506 δρομαῖος
497 413 645 509 ἐξήλασε,
679 449 732 487 παι
727 420 922 497 ναθιείς“
908 421 1022 487 εαατὸν
1040 423 1087 500 τίς
1106 427 1169 505 με·
1337 496 1339 499 ,

58 540 138 598 σους
159 522 235 600 τοάς
257 526 434 607 ἐναντίους,
460 526 522 606 πῦρ
553 547 585 587 τε
607 528 649 643 τρῖ
671 524 807 605 στόματι
836 526 893 605 τοῦ
916 516 1043 648 ἀχχους
1052 522 1168 588 druna·
1178 522 1197 576 f·
1218 523 1309 583 1⁷6r

58 649 181 708 ρεισας,
203 627 297 688 τοῦτο
320 628 479 706 συντρίβει
503 621 582 708 πρὸς
604 623 638 688 τδ
660 622 846 740 μηχάνημα.
889 649 942 720 και
966 623 1079 688 αάτίεια
1101 627 1166 708 πῦρ

60 727 209 810 ἀναφθὲν
245 721 329 789 sinor
365 727 487 809 ἐξὲληξε
515 750 567 789 και
590 726 841 848 κατενεμρσατο·
892 715 1086 810 σονήρτηντο
1105 725 1168 809 χάρ

34 828 152 912 5αάτιρ
182 830 239 889 καί
258 849 330 891 τινα
362 826 489 909 odnie,
521 824 577 902 τάς
610 827 671 890 ἀπὸ
697 824 762 891 τάν
793 831 907 908 τειχαῖν
927 826 1168 908 ἀποτειχίζοντα

60 923 251 1009 προσβολάς.
274 930 328 990 καί
348 929 536 1009 παλίνορσος
559 923 729 1002 ὁΛατΐνος
751 926 829 1010 πρὸς
849 925 886 990 τά
905 919 989 992 ἀστυ
1007 926 1170 1008 γενόμενος

62 1027 183 1110 ἀδιγὴς
205 1024 349 1110 ἐρρυοθη
380 1032 434 1111 τῆς
465 1053 526 1093 των
551 1031 701 1094 ἐναντίων
722 1025 833 1112 χειρός
864 1053 916 1092 παι
913 1028 1169 1104 ταταδιάξεως.

62 1131 97 1193 ἐκ
109 1126 234 1194 τούτου
256 1129 456 1213 δυσχεράνας
478 1129 494 1194 ὁ
515 1130 713 1214 πολεμήεωρ,
735 1131 792 1192 καί
805 1127 924 1212 πολλὴν
938 1127 1091 1211 εάἡδειαν
1108 1127 1171 1192 τάν

62 1238 133 1294 κατ’
165 1229 261 1294 αάτὸν
289 1227 494 1347 τατεχνωκιάς
530 1224 576 1294 ὅτι
607 1231 669 1294 τῶν
688 1230 855 1345 Ῥωμαίων
875 1229 1050 1312 ἀνανδρίαν
1070 1252 1172 1292 κατα·

19 1346 52 1400 10
63 1332 262 1415 ψηφίζονται
286 1328 441 1395 τοσούτων
464 1323 563 1395 ὄντων
569 1327 638 1418 τήν
661 1327 788 1412 ἀρετήν,
816 1327 917 1404 εάδδς
943 1323 1025 1411 ἀρας
1048 1334 1171 1397 ἐκεῖθεν

63 1457 115 1496 snt
131 1455 189 1516 την
211 1433 296 1497 ἰδίαν
318 1427 689 1512 μετεστρατοπεδεύσατο
708 1431 775 1513 γῆν.
869 1439 874 1445 ’
1167 1451 1170 1454 ’

170 1525 221 1597 Ἐν
248 1533 347 1619 τούτῳ
383 1557 426 1620 τῳ
463 1530 526 1596 ἔτει
557 1532 573 1596 ὁ
594 1527 761 1654 ΜΡωμαιιρν
784 1537 988 1615 κατέστρεψε
1021 1532 1173 1615 βασιλτάς

66 1636 308 1709 Κωνσταντῖνος
337 1625 430 1707 οὗτος
455 1629 470 1695 o‘
495 1631 742 1718 Μονομάχος,’
728 1657 762 1698 εν
783 1633 972 1718 ιδιοκτὴτοις
1000 1631 1097 1708 οίκοις
1118 1637 1175 1698 καί

64 1734 110 1817 με)
133 1741 200 1807 τοῖς
225 1731 407 1817 ἀνακτόροις
431 1736 634 1816 διαζευχθείς
657 1739 712 1817 τῆς
733 1736 852 1818 ψυχῆς,
875 1738 930 1797 καί
950 1735 992 1821 τῷ
1012 1741 1087 1816 παρ’
1110 1735 1173 1798 us?-

22 1841 52 1894 15
63 1839 123 1899 τοῦ
147 1837 351 1918 ἀνεχερθὲντι
385 1839 450 1927 ναῷ
474 1832 527 1898 τὸν
549 1835 659 1919 νεκρὸν
683 1840 916 1916 καταθέμενος,
936 1834 1017 1919 ἀνὴρ
1050 1842 1173 1900 πολιτι-

63 1935 121 2013 ιιὸς
143 1936 199 2000 καί
217 1940 325 2018 μένους
356 1937 513 2017 ἐπισήμου
534 1936 711 2019 γενόμενος,
739 1935 959 2019 δωρηματικός
981 1959 1015 2000 τε
1035 1939 1090 2000 καί
1111 1941 1174 2019 βα-

63 2039 196 2110 σιλικαῖς
227 2037 402 2119 εὐεργετεῖν
433 2034 661 2124 ἐπιστάμενος,
691 2040 868 2125 φροντίζων
898 2040 956 2118 μὲν
984 2040 1040 2102 καί
1057 2042 1122 2101 τῶν
1141 2040 1175 2101 ἐν
1237 2034 1239 2037 ’

63 2143 217 2219 πολέμοις
233 2135 480 2222 προτερημάτων
501 2136 556 2201 καί
577 2147 644 2214 τοῖς
667 2141 818 2213 ἐναντίοις
846 2137 889 2213 ὥς
910 2138 981 2203 ε’νόν
1004 2137 1176 2204 ἀντικαθι-

65 2237 233 2320 οτάμενας,
259 2242 377 2303 πλείονι
406 2242 440 2304 δὲ
462 2235 543 2325 ῥοπῇ
565 2241 619 2322 τῆς
639 2241 764 2325 τρυφῆς
792 2237 1014 2321 ἀντεχόμενος,
1037 2238 1094 2305 καί
1112 2242 1175 2304 τάν

24 2341 268 2427 δθάρροδισίων
299 2337 344 2423 μή
375 2341 578 2424 ἀπεχόμενος.
638 2338 729 2426 ἔμελε
758 2341 787 2405 δ’
818 2339 1174 2427 natantianatantia

67 2446 123 2505 καί
143 2443 207 2506 τῶν
227 2445 260 2506 ἐν
282 2447 390 2524 μίμοις
411 2444 609 2524 γελοιασμιόν
640 2444 694 2506 καί
723 2445 779 2526 τῆς
810 2439 978 2526 ἐπικαίρου
1001 2440 1173 2526 ῥαοτάνης,

68 2543 122 2607 καί
142 2534 190 2619 οἷς
211 2540 229 2627 ἦ
253 2543 366 2628 ζωτικὴ
393 2542 484 2627 ψυχὴ
509 2547 716 2623 συνέζευκταί
734 2567 767 2609 τε
794 2546 850 2608 καί
870 2542 1108 2629 ουνερρίζωται.
1134 2546 1175 2608 od

139 2720 166 2773 6.
185 2723 358 2793 παλίνορσος
376 2721 406 2775 C.
437 2694 442 2699 .
553 2724 595 2777 15.
624 2722 812 2797 ἀναγερπέντι
836 2724 865 2777 G.
886 2724 1004 2776 correxit
1030 2724 1173 2792 interpres.

69 2886 229 2970 prudentiae
248 2885 352 2939 inflavit
377 2896 403 2938 et
428 2888 536 2954 capiens
562 2888 607 2939 hio
634 2904 683 2941 aas
707 2888 819 2957 aliquod
836 2888 907 2957 quod
925 2891 997 2942 intus
1016 2890 1100 2941 ferret
1114 2888 1173 2941 die-

70 2958 149 3008 dici'
141 2958 213 3025 iguis
233 2967 394 3025 apparatum,
416 2975 449 3010 ex
468 2960 541 3011 urbis
560 2967 636 3027 porta
655 2962 752 3012 cursim
768 2975 897 3044 'egressus
920 2968 961 3012 est
979 2967 1006 3011 et
1024 2976 1054 3011 se
1073 2962 1173 3011 inunit-

70 3036 127 3081 tens
147 3030 176 3079 in
197 3030 299 3081 medios
320 3029 411 3083 hostes
426 3038 452 3083 at
472 3032 560 3099 ignem
576 3033 616 3081 ori
635 3033 707 3083 vasis
726 3031 860 3095 iniiciens,
880 3031 949 3082 huno
969 3030 1073 3081 fricat'
1066 3045 1094 3081 ru
1115 3044 1173 3080 rua-

71 3098 177 3153 chiuam
200 3108 227 3151 et
245 3101 332 3155 statim
357 3104 449 3170 ignis
451 3118 579 3167 aecensus
599 3104 683 3153 omnis
703 3103 784 3153 desiit
805 3110 834 3156 et
856 3102 1012 3153 distributus
1032 3108 1089 3163 est3
1109 3099 1173 3151 aiii.

71 3179 131 3238 gata
164 3172 234 3223 enirn
261 3173 286 3222 ei
314 3181 388 3225 eraut
408 3176 486 3226 etiam
505 3174 634 3237 nonnulla
652 3172 788 3241 tegula‚a
811 3174 893 3224 muris
912 3172 1032 3224 arcentio
1050 3173 1173 3238 impetus,

72 3251 98 3292 et
116 3258 243 3295 reversus
263 3243 371 3295 Latinus
390 3245 422 3297 ad
441 3246 531 3297 urbem
551 3247 666 3297 intactus
687 3252 794 3311 ereptas
814 3254 854 3296 est
872 3244 987 3295 hostiurn
1005 3244 1127 3295 manibus
1148 3249 1175 3294 e't

72 3316 262 3379 persecutioni.
303 3315 370 3366 hanc
400 3334 455 3367 rein
474 3317 587 3369 moleste
608 3317 697 3368 sarens
716 3314 832 3367 bellator
851 3324 877 3367 et
891 3316 998 3368 multam
1013 3315 1173 3383 simplicita-
1198 3358 1201 3362 ,

71 3393 123 3437 tem
144 3400 251 3447 suorum
269 3402 452 3457 cognoscens,
473 3390 543 3457 quod
562 3388 721 3441 Graecorum
741 3389 874 3455 ignaviam
900 3397 1040 3451 censerent
1058 3402 1116 3439 curu
1135 3393 1176 3435 tot

74 3466 163 3509 assent
175 3458 309 3521 virtutem,
329 3462 416 3511 statim
429 3461 565 3526 proiectus
580 3461 641 3512 iude
654 3460 685 3511 ad
700 3476 773 3511 suam
787 3469 874 3512 castra
886 3460 1049 3527 transposuit
1067 3468 1172 3509 terram.

171 3546 227 3597 Hoc
247 3562 315 3598 anno
340 3547 499 3601 Graecorum
520 3548 586 3603 obiit
613 3565 661 3600 rex
689 3549 876 3602 Constantinus
905 3548 949 3599 hic
976 3544 1174 3609 dionomachus,

73 3617 99 3665 in
117 3619 234 3685 propriis
253 3619 374 3670 domibus
392 3634 481 3687 neque
502 3636 567 3671 vero
586 3623 613 3671 in
633 3622 708 3688 regia
728 3621 829 3673 divisus
858 3619 890 3671 ab
908 3620 995 3670 anima
1014 3627 1042 3670 et
1059 3618 1086 3668 in
1104 3624 1174 3667 tem.

45 3700 51 3708 ’
73 3686 117 3752 pio
138 3704 154 3739 a
172 3704 202 3739 so
220 3691 343 3741 restituto
370 3689 483 3741 cadaver
504 3692 657 3757 deponens,
687 3694 730 3743 vir
755 3692 891 3744 civilium
900 3690 1001 3756 peritus
1023 3696 1049 3740 et
1068 3704 1101 3739 ex
1122 3704 1173 3756 ge.

75 3774 137 3810 nere
158 3759 254 3824 nobili,
276 3762 307 3813 ad
329 3762 478 3813 donandum
495 3772 613 3829 promtus
642 3771 667 3814 et
685 3764 762 3829 regie
780 3762 912 3813 beneficia
931 3759 1054 3812 conferre
1075 3761 1173 3824 sciens,

75 3845 166 3883 curans
187 3833 265 3883 etiarn
285 3834 312 3882 in
332 3832 412 3884 bellis
432 3835 559 3884 victorias
583 3842 610 3884 et
629 3833 749 3884 hostibus
769 3848 845 3901 quam
865 3839 957 3898 posset
975 3849 1004 3883 se
1024 3848 1172 3899 opponens,

75 3902 172 3953 maiore
191 3911 279 3954 autern
297 3904 473 3956 inclinatione
496 3903 619 3955 mollitiei
639 3905 757 3966 deditus,
777 3918 866 3970 neque
884 3902 962 3954 rebus
981 3906 1106 3957 venereis
1123 3904 1173 3955 ab.

76 3973 183 4026 stiuens.
205 3990 284 4027 ousae
306 3986 393 4029 autem
413 3978 438 4027 εἰ
460 3982 534 4027 erant
556 3976 633 4025 etiam
654 3976 706 4025 ioci
727 3982 753 4024 et
770 3974 884 4025 ridicula
904 3976 1039 4028 mimorum
1061 3984 1088 4026 et
1104 3982 1173 4026 tern-

76 4046 177 4125 pestiva
206 4048 328 4099 remissio
368 4056 395 4098 et
429 4047 523 4115 quibus
553 4047 645 4099 virtuti
680 4047 774 4097 anima
790 4047 939 4098 tconiuneta
972 4056 1013 4100 est
1045 4056 1072 4099 et
1099 4047 1174 4115 quasi

75 4114 166 4181 insita3
193 4118 241 4170 sed
263 4120 342 4171 etiarn
360 4134 431 4172 nova
451 4118 607 4171 aedificia
600 4135 627 4169 nr
648 4119 731 4170 variis
750 4116 823 4169 locis
844 4118 918 4185 iecit,
936 4127 964 4170 et
981 4120 1174 4179 restitutiones,

77 4190 212 4243 continuas
239 4204 341 4257 ponens
374 4193 400 4244 in
429 4191 585 4256 historus,
614 4190 859 4245 novavitrnultas.
889 4189 1175 4260 quodanteruontuia
1211 4208 1218 4222 ¹
