2834 4750
510 222 728 326 'nassonia
853 346 857 352 ἱ
1021 260 1024 266 ’
1100 245 1189 368 =ett-

12 483 15 496 ‚
57 417 128 478 θεν
147 410 388 496 ἐκπεμπομένων
403 415 480 493 τοός
503 420 617 492 ἵππους
637 421 742 482 αάτοῦν
754 417 1051 504 κατηκόντισανξιίς
1061 425 1173 502 χείρἀς
1192 425 1198 437 “

59 517 180 591 αάτοίς
210 517 315 586 ἐλθεῖν
348 516 392 602 μη“
421 515 609 600 δυνάμενοι·
662 513 891 602 δοκιμάσαντες
924 519 982 604 γόρ
1016 517 1172 605 πρότερον
1229 574 1231 578 .
1315 566 1320 588 ι

58 620 163 681 τοῦτο
187 615 336 694 πολλάκις
358 617 491 694 πολλοῦς
511 622 574 686 τυῦν
590 623 681 685 ἰδίων
703 621 874 702 ἀπέβαλον,
893 624 969 706 παρ’
990 623 1093 687 ου’τοῦ
1118 622 1174 685 τοῦ

59 717 285 784 Βστανιιότου
310 718 364 785 καί
381 723 442 785 τιῦν
472 717 532 784 σόν
555 720 644 808 crispi
664 723 950 805 διαχειρισθέντας.
993 721 1037 797 οἷς
1059 723 1094 786 δὲ
1112 723 1175 787 τοῦν

29 818 175 891 stanna
197 815 317 896 αάτοῦς
349 817 378 883 οἱ
404 817 571 906 ,βάρβαροι
593 823 811 905 ἀπεστέρησαν
833 830 902 896 ταῖς
932 823 967 885 ἐκ
993 825 1056 887 τιῦν
1075 823 1176 900 τόξων
1208 883 1211 887 .

59 925 225 1003 πληγαῖς,
264 918 391 1000 ἔμειναν
412 925 478 1004 [μὲν
506 921 597 1002 πεζοί
622 918 700 1004 μετό
719 923 782 986 τιῦν
797 921 983 1004 Ῥωμαϊκῶν
1003 921 1175 1007 κρηπιδων,

49 1015 193 1095 ,ταύτας
216 1021 246 1083 δ’
267 1021 471 1104 ἀποτεμόντες
496 1026 529 1088 ἐν
545 1021 692 1106 ἐμβάδων
705 1023 799 1102 ’τάξεῐ
813 1022 853 1087 τό
873 1019 957 1088 κότω
977 1026 1060 1105 μέρη
1081 1025 1176 1086 κατί-

61 1127 173 1186 λιπον.
216 1121 256 1184 οά
278 1120 342 1206 μὴν
363 1120 420 1200 τός
443 1125 580 1200 ἀσπίδας
597 1127 652 1189 καί
672 1121 710 1190 τό
732 1129 808 1210 ξίφη
829 1124 991 1204 ἀπέλιπον,
1013 1121 1093 1188 ἀλλά
1117 1121 1176 1206 τήν

61 1223 301 1306 στρατιωτικὴν
326 1217 451 1288 όπλισιν
474 1222 598 1308 ἔχοντες
616 1220 699 1291 υῦτω
720 1222 776 1308 την
796 1208 873 1288 όδόν
892 1224 947 1288 καί
960 1221 1015 1289 τόν
1038 1219 1176 1306 πόλεμον

15 1339 51 1394 10
64 1316 183 1405 ἤνυον·
208 1325 248 1386 ου’
268 1324 329 1408 γὰρ
352 1329 515 1390 κατέλιπον
538 1329 645 1403 αάτυΐς
669 1324 839 1409 ἀνακωχην
864 1323 893 1389 σί
916 1329 1071 1408 πολέμιοι,
1093 1322 1174 1390 ἀλλά
1238 1330 1240 1335 ’
1327 1386 1331 1393 1

63 1421 149 1488 κατό
175 1423 330 1506 διαδοχάς
351 1429 560 1506 πολεμοῦντες
579 1426 700 1510 ἡμέρας
725 1451 758 1492 τε
782 1431 836 1491 καί
857 1426 971 1504 νυκτός
992 1424 1046 1492 διό
1072 1427 1176 1511 πόσης

64 1524 255 1608 φιλοτιμίας
278 1521 431 1607 ἐχώρουν,
453 1521 536 1590 dare
557 1529 636 1592 πᾶσι
660 1526 788 1612 τρόποις
808 1527 888 1609 ὑπὲρ
912 1521 997 1592 ἀπυν
1017 1514 1055 1593 τό
1073 1552 1177 1616 στρα-

61 1621 203 1687 τόπεδον
223 1625 338 1700 αῦτοός
371 1624 655 1710 παραστήσασθαι.
709 1629 777 1691 ἀλλ’
803 1625 867 1711 υίχε
887 1627 968 1710 πρός
990 1627 1047 1692 τόν
1069 1627 1177 1710 ἀρχη-
1212 1684 1216 1692 ,

63 1722 125 1807 γόν
151 1721 257 1790 αῦτιῦν
290 1726 493 1813 ἀφορῶντες,
519 1731 575 1792 καί
604 1726 684 1812 πρός
719 1726 754 1792 τό
785 1731 965 1813 θαρσαλέον
999 1730 1099 1795 αάτοῦ
1121 1732 1177 1792 καί

19 1837 52 1890 15
64 1820 258 1907 ἡγεμονικόν
277 1825 530 1912 ἐκπληττόμενοι,
549 1832 664 1909 μένους
685 1830 898 1914 ἐπληροῦντο,
921 1832 976 1893 καί
994 1832 1054 1893 τοῦ
1074 1831 1176 1894 ἀπλὲ-
1219 1852 1223 1859 ·

63 1948 125 1989 του
150 1924 277 2008 μόχθου
301 1925 355 2002 καί
374 1931 430 1992 τοῦ
452 1933 605 2012 συνεχοῦς
627 1933 767 2011 πολέμου
789 1935 984 2012 παρηγορίαν
1004 1917 1177 2012 οὐμικρόν

64 2029 264 2107 ἐκομίζοντο.
313 2031 420 2112 τρίτην
452 2023 508 2094 οῦν
536 2031 658 2114 ἡμέραν
684 2030 803 2096 οὑτωσί
824 2018 1029 2103 διανύσαντες
1062 2034 1096 2094 ἐν
1117 2052 1177 2092 πε-

68 2131 222 2216 ζοπορίρ,
237 2128 292 2192 καί
312 2131 375 2193 τιόν
396 2131 553 2211 πολεμίων
568 2129 645 2207 τοῦς
668 2133 714 2206 είς
734 2139 845 2214 χεῖρας
866 2127 1016 2204 ἐλθόντας
1038 2129 1175 2208 πολλοῦς

67 2229 310 2312 ἀναλώσαντες,
344 2229 447 2296 ίππων
478 2233 574 2314 τριῦν
606 2234 811 2314 ἐκυρίευσαν,
841 2233 895 2296 καί
925 2227 1054 2306 τούτους
1086 2230 1176 2315 αότηῖ

22 2341 57 2398 20
67 2329 296 2416 προσήνεγκαν,
318 2334 534 2408 δυσωποῦντες
557 2333 756 2418 ε’ποχηθῆναι
775 2334 873 2414 μόνον
890 2331 971 2415 μετὰ
986 2329 1045 2397 do'o
1068 2330 1176 2397 ῦπασ-

68 2435 193 2497 πιστοῦν
217 2434 271 2497 καί
289 2434 353 2509 τοίς
384 2432 477 2499 ποσίν
510 2436 615 2499 ον’τοῦν
638 2439 810 2500 πιστεῦσαι
833 2437 892 2520 την
913 2434 1074 2518 σωτηρίαν
1097 2426 1177 2496 ἑαυ-

68 2535 139 2599 τοῦ.
188 2532 203 2598 ό
244 2540 279 2601 δὲ
304 2539 405 2620 μηδὲν
432 2537 574 2601 τοιοῦτον
605 2535 880 2618 καταδεξάμενος,
903 2537 985 2620 μηδὲ
1017 2529 1177 2621 ῥίψασπιν

69 2628 187 2701 ἔαυτόν
211 2634 380 2717 ἀποδεῖξαι
401 2641 516 2722 μέχρις
533 2639 628 2722 ἀκοῆς
651 2636 877 2720 ἀνασχόμενος,
901 2642 1102 2723 πληροφορεῑ
1116 2638 1176 2717 μὲν

148 2858 189 2911 11.
210 2850 360 2931 duplic-G.
381 2860 498 2912 correxit
515 2830 655 2913 brunerus.

75 3050 173 3101 derant
196 3064 245 3116 par
271 3050 357 3116 ipsum
370 3036 540 3101 llotaniatem
562 3052 672 3119 eiusque
691 3048 790 3100 milites
807 3048 982 3101 interlectos:
1010 3062 1069 3097 enm
1088 3053 1175 3097 antem

77 3122 154 3187 equis
175 3134 221 3172 eos
240 3119 346 3172 barbari
367 3122 519 3188 privassent
535 3122 681 3174 iaculorum
701 3121 807 3182 ictibus,
825 3126 977 3172 manserunt
994 3118 1098 3185 pedites
1117 3132 1176 3167 cum

77 3192 186 3243 Graecis
207 3192 330 3257 crepidis.
357 3193 398 3243 bis
419 3201 505 3243 autem
524 3194 649 3245 abscissis
670 3195 697 3243 in
718 3191 853 3243 embadum
864 3190 934 3242 «loco
952 3189 1093 3241 inferiores
1112 3203 1176 3255 par.

75 3271 116 3313 tes
136 3262 285 3331 gestabant.
322 3280 411 3332 neque
423 3271 510 3315 tamen
530 3273 605 3316 scuta
617 3272 643 3315 et
655 3264 758 3332 gladios
777 3262 953 3330 reliquerunt,
970 3262 1018 3313 s'ed
1035 3260 1180 3320 militarem

78 3334 235 3386 armaturam
259 3334 344 3385 induti
369 3337 406 3387 ita
431 3337 501 3387 viam
527 3344 554 3387 et
581 3334 681 3387 bellum
701 3333 894 3401 perficiebant:
913 3349 1001 3402 neque
1020 3335 1089 3384 enim
1108 3347 1176 3384 con-

78 3414 217 3457 cesserunt
236 3406 268 3457 iis
288 3406 407 3458 inducias
424 3406 515 3458 hostes
536 3407 583 3458 sed
602 3406 722 3458 vicissim
740 3404 874 3457 bellantes
893 3421 941 3472 per
962 3406 1019 3457 dies
1040 3413 1066 3455 et
1084 3410 1177 3453 noctes

78 3478 149 3528 omni
176 3494 235 3529 cum
259 3479 403 3529 certamine
430 3477 667 3545 proficiscebantur
686 3479 723 3528 ita
742 3486 771 3528 ut
790 3478 910 3529 omnibus
930 3477 1016 3528 modis
1033 3490 1097 3542 prae
1118 3488 1177 3523 om-

78 3548 156 3601 nibus
184 3551 277 3600 castris
301 3550 320 3599 ii
346 3550 498 3601 adstarent:
524 3550 571 3602 sed
597 3549 624 3600 bi
645 3550 751 3617 quidem
768 3550 801 3600 ad
820 3550 913 3601 ducem
932 3563 1007 3600 suum
1026 3551 1178 3612 spectantes

80 3628 105 3669 et
126 3622 184 3673 eius
208 3618 358 3673 'animosum
383 3626 409 3670 et
433 3621 604 3685 imperiosum
623 3621 725 3672 vultum
745 3628 882 3687 stupentes
901 3619 988 3669 animo
1002 3614 1179 3682 implebantur

80 3698 106 3741 et
123 3692 243 3744 immensi
271 3692 370 3743 laboris
392 3699 418 3751 et
438 3692 556 3742 continui
574 3692 641 3743 belli
660 3692 783 3744 solatium
796 3706 855 3753 ¹non
873 3704 983 3756 parvum
1000 3687 1062 3738 inde
1083 3702 1179 3754 repor-

79 3762 178 3815 tabunt.
225 3765 332 3815 tertium
359 3762 441 3829 igitur
471 3761 539 3813 diem
566 3780 624 3814 cum
650 3766 687 3815 ita
710 3764 879 3835 peregissent
902 3759 1006 3827 pedites
1030 3766 1124 3810 euntes
1153 3765 1180 3809 et

81 3830 195 3886 hostium
211 3838 255 3901 qui
275 3836 301 3885 in
319 3832 411 3885 manus
430 3842 563 3884 venerunt
581 3834 678 3886 multos
694 3833 903 3895 interfecissent,
925 3832 1000 3898 equis
1021 3830 1105 3882 tribus
1126 3829 1178 3896 poss

80 3904 120 3953 titi
138 3914 200 3956 sunt
216 3914 242 3955 et
262 3905 309 3958 bos
332 3907 355 3955 ei
377 3904 523 3957 attulerunt
542 3914 676 3972 rogantes,
696 3913 727 3955 ut
743 3903 888 3955 veheretur
906 3902 980 3955 solus
998 3918 1056 3953 eum
1076 3901 1178 3952 dnobus

82 3978 219 4043 armigeris
244 3985 270 4027 et
296 3992 386 4027 eorum
410 3974 521 4042 pedibus
541 3975 663 4027 crederet
682 3975 794 4027 salutem
813 3989 894 4026 snam.
933 3974 981 4025 ille
1001 3981 1089 4025 antem
1109 3971 1177 4022 nihil

81 4045 133 4097 tale
158 4050 293 4114 accipiens
313 4062 400 4116 noque
420 4056 521 4099 scutum
542 4046 712 4099 obiicientem
731 4062 761 4098 se
780 4047 909 4112 praebere
929 4045 1064 4114 usquead
1084 4044 1177 4095 lamam

83 4116 174 4171 volens
199 4123 329 4172 certiores
348 4134 393 4171 eos
418 4119 482 4171 lacit
504 4121 577 4187 ipse,
603 4134 632 4170 se
655 4117 799 4186 optabilius
826 4117 924 4169 babere
954 4119 1029 4169 ocius
1056 4112 1177 4166 omnibus

84 4191 156 4256 morl,
178 4206 254 4260 quam
266 4190 365 4245 lallere
378 4192 534 4258 promissum
555 4182 644 4243 firmae
663 4207 721 4242 cum
740 4191 773 4242 iis
793 4190 1003 4258 consentisset
1022 4187 1177 4240 contentio·
