2834 4750
507 313 716 384 HISTOth.
1090 304 1164 379 δ’όθ
1201 356 1209 383 s

41 470 175 555 ἔσομαι
197 481 266 550 τοῖς
288 473 324 539 τό
347 475 544 540 Ἀτλαντικὸν
569 480 774 557 βουλομένοις
805 474 1037 565 α’παρόσασθαι
1067 460 1167 538 πίλα-

40 598 112 655 γσς.
163 574 183 639 ὅ
209 574 269 658 γάρ
292 574 387 651 αότός
405 576 557 656 βασιλεός
578 574 633 640 καί
648 573 821 658 τυράννους
842 576 1098 658 καταβληθέντος
1113 575 1169 637 καί

42 676 280 757 δποταγέντας
313 677 399 765 crispi
421 678 462 740 ου’
487 677 582 758 μόνον
609 682 814 758 συμπαθείας
839 681 893 739 καί
924 675 1168 761 φιλανθρωπίας

45 776 211 856 η’ξίωσεν,
234 769 316 840 άλλά
338 779 394 840 καί
419 782 582 859 μεγίσταις
604 777 802 858 εὐεργεσίαις
827 768 1079 858 ἐψυχαγώγησεν
1103 766 1169 836 οόσ-

16 893 116 959 5περ
144 876 191 959 δή
216 877 272 939 τόν
293 880 468 958 Βρυέννιον
490 876 545 942 κατ’
565 876 639 949 roric
668 874 768 965 τούτῳ
803 871 982 962 ὁμόφρονας
1013 880 1169 957 λαμπροῖς

48 972 230 1058 άξιοόμασι
251 977 524 1061 τελεσιουργήσας,
547 980 601 1043 καί
621 976 680 1054 τάς
701 978 788 1053 ἰδίας
807 978 919 1052 οόσιάς
942 977 1040 1051 ἐάσας
1064 976 1170 1057 αότοῖς

49 1075 337 1162 ἀνεπιχειρήτους,
360 1079 415 1143 καί
433 1080 618 1163 προσθήκας
640 1077 693 1142 διά
717 1083 890 1160 βασιλικῶν
910 1080 1037 1158 δωρεῶν
1061 1073 1170 1162 α’φθό-

49 1200 134 1251 νους
158 1178 273 1253 αὐτοῖς
290 1180 585 1262 περιποιησάμενος,
606 1181 660 1244 καί
680 1180 809 1243 πάντων
830 1181 1045 1244 ἐπιλαθέσθαι
1066 1202 1171 1263 παρα·
1250 1216 1252 1220 -

50 1280 229 1352 σκευάσας
249 1281 311 1345 raia
331 1283 505 1365 λυπηρῶν,
536 1277 610 1365 ὅπερ
642 1282 748 1355 ου’δείς
775 1287 835 1345 τῶν
859 1281 986 1347 πώποτε
1013 1284 1299 1362 βασιλέωνλ.239τ.

7 1378 205 1461 ιρποτήσας
230 1380 405 1503 εόρίρκετο,
417 1406 469 1445 και
492 1384 660 1462 πολεμίους
673 1382 915 1466 προσφυγόντας
937 1380 1075 1463 εόμενοός
1091 1404 1170 1465 προ.

51 1483 238 1561 σεδέξατο,
255 1506 311 1544 και
329 1475 442 1564 χοόραν
460 1484 779 1567 αότοῖςδημοσιΗαν
757 1483 908 1563 αιτένειμε
930 1484 984 1546 καί
1004 1482 1171 1612 φιλοτίμου

53 1583 491 1665 διατριβήςμεταδέδωκεν
1265 1572 1267 1576 ’

170 1683 405 1765 Εέαεβέστατος
429 1677 514 1747 δέ”
488 1709 533 1747 ων
555 1686 594 1749 τά
616 1684 694 1768 πρός
718 1682 830 1747 θεόν’
816 1709 849 1758 ες
870 1684 907 1748 τά
936 1682 1088 1767 μάλιστα,
1109 1689 1171 1765 βα·
1258 1684 1277 1775 Ἰ
1326 1748 1332 1755 .

55 1794 208 1860 σιλικαῖς
230 1786 427 1869 πανηγόρεσί
447 1809 480 1851 τε
508 1790 563 1850 κατ’
580 1784 699 1870 ’χάρισι
729 1790 784 1850 καί
805 1788 1026 1872 φωτοχυσίαις
1055 1785 1111 1861 τάς
1138 1809 1173 1849 τε

10 1898 46 1950 15
57 1893 103 1953 δι’
129 1887 227 1962 ἔτους
249 1886 435 1961 δεσποτικὰς
463 1881 573 1972 ἐορτάς
597 1891 628 1961 ἐς
648 1885 682 1950 τό
708 1888 837 1971 άκριβές
856 1886 1105 1969 κατελάμπρυνε,
1121 1889 1176 1949 κατ’

57 1987 121 2065 τάς
145 1993 212 2054 tois
232 1984 405 2073 μαρτάρων
434 1986 561 2071 μνήμας
594 1991 649 2050 καί
674 1992 737 2052 τῶν
766 1978 869 2061 άλλως
898 1982 1176 2071 ευάρεστησάντων

57 2096 133 2178 θεῷ
152 2097 294 2166 τελεταῖς
312 2084 487 2173 πανδήμοις
504 2092 558 2153 καί
579 2090 751 2170 παννόχοις
771 2092 997 2169 χοροστασίαις
1018 2090 1051 2149 ἐν
1073 2088 1175 2168 δαψι-

61 2198 118 2256 λεῖ
135 2194 185 2282 τῷ
208 2193 294 2276 φωτί
314 2192 498 2276 περιφανῶς
520 2192 746 2270 κατεσέμνυνε.
790 2190 843 2252 καί
858 2188 1005 2252 τοσοῦτον
1027 2182 1174 2270 ἐξήρτητο

61 2296 125 2358 καί
157 2290 384 2377 περιεγάννυτο
411 2300 481 2366 ταῖς
501 2293 605 2364 θείαις
626 2286 756 2364 ταόταις
780 2286 1017 2375 λαμπρότησιν,
1043 2286 1173 2370 ὅτιπερ
1200 2318 1213 2343 ο

17 2388 294 2479 λθόρθριάτερος
316 2391 391 2477 περί
418 2391 546 2476 πραότας
567 2387 785 2476 ἀλεκτρυόνων
801 2386 886 2478 ᾠδάς
902 2399 965 2465 τοῖς
984 2388 1175 2471 δμνοπόλοις

66 2493 324 2581 ἐπιφαινόμενος
346 2493 473 2568 καὶτοῖς
492 2492 798 2577 συνεκκλησιάζανσι
822 2496 1007 2573 βουλευταῖς
1028 2489 1083 2554 καί
1096 2512 1176 2570 συγ·-
1206 2559 1212 2566 ,

65 2603 245 2680 κλητικοῖς,
268 2595 342 2660 οόδέ
362 2598 405 2682 τῷ
425 2597 577 2684 βασιλείῳ
599 2593 706 2683 θρόνρι
728 2587 844 2657 ἑαυτόν
865 2589 1012 2656 ἐπεδίδου
1036 2589 1104 2656 αλλ’
1120 2583 1178 2675 όρ-

68 2703 145 2773 θιος
171 2694 336 2778 ἱστάμενος
359 2688 438 2779 ότχρι
466 2701 575 2772 τέλους
607 2699 661 2778 τής
692 2695 873 2783 δμνφδίας,
904 2689 971 2777 ήτις
997 2690 1053 2758 καί
1079 2693 1177 2777 μέχρι

70 2803 188 2883 τρίτης
211 2793 297 2881 ιόρας
320 2802 377 2882 τῆς
397 2797 517 2884 ἡμέρας
536 2800 579 2887 τῷ
599 2801 787 2881 περικαλλεῖ
804 2799 867 2860 τοῖν
887 2787 997 2876 όμνων
1018 2793 1073 2860 καί
1085 2796 1178 2879 ι’σαγ-

74 3061 222 3114 exhaurire
240 3075 334 3115 unare.
373 3059 442 3110 idem
471 3059 541 3110 enirn
559 3075 608 3110 rex
635 3065 663 3110 et
689 3065 816 3123 tyrannos
844 3056 961 3109 deiectos
989 3064 1016 3109 et
1034 3057 1178 3111 submissos

73 3133 128 3186 sibi
153 3131 323 3192 nonssolum
342 3131 525 3182 misericordia
556 3137 583 3182 et
607 3129 770 3180 humanitate
795 3129 918 3196 diguatus
945 3137 1003 3193 est,
1028 3129 1075 3181 sed
1100 3131 1178 3182 etiam

72 3204 198 3256 maximis
218 3202 355 3255 beneficiis
375 3201 502 3270 placavit,
522 3203 591 3252 sicut
608 3201 771 3266 Biycnnium
787 3208 813 3251 et
833 3201 941 3267 eosqui
962 3216 1020 3251 cum
1042 3200 1094 3252 hoc
1113 3217 1178 3254 sen.

72 3279 179 3339 titiant,
199 3274 347 3326 illustribus
373 3272 545 3341 dignitatibus
576 3288 676 3340 augens
708 3280 734 3323 ot
760 3273 862 3338 privata
880 3271 951 3321 bona
969 3270 1124 3340 relinquens
1144 3274 1178 3323 iis

72 3349 177 3399 intacta
196 3355 223 3398 et
241 3347 424 3397 accessionem
441 3345 525 3411 regiis
539 3344 616 3395 donis
631 3343 773 3410 benignam
787 3344 820 3393 iis
841 3341 996 3407 concilians,
1018 3351 1044 3394 et
1063 3344 1178 3395 omnium

42 3457 47 3465 .
74 3418 187 3470 oblivisi
206 3417 301 3469 iubens
319 3418 450 3479 tristium,
479 3417 505 3465 id
525 3416 596 3482 quod
617 3430 695 3465 neruo
722 3430 836 3482 unquam
861 3429 953 3482 regum
973 3415 1074 3466 faciens
1093 3429 1178 3482 appa.

72 3491 162 3552 rebat,
183 3497 210 3539 et
229 3488 330 3552 hostes,
350 3489 395 3555 qui
414 3487 447 3538 ad
466 3501 524 3537 eum
544 3486 731 3554 confugerent,
751 3484 897 3537 clementer
917 3487 1023 3554 excepit
1044 3493 1071 3537 et
1082 3493 1178 3538 terram

74 3563 110 3613 iis
129 3559 262 3627 publicam
282 3561 374 3610 tribuit
399 3567 424 3609 et
443 3573 593 3626 generosae
612 3558 830 3609 commorationis
849 3558 993 3625 participes
1009 3558 1082 3608 fecit.

176 3647 313 3699 Piissimus
333 3655 420 3698 autem
438 3648 466 3698 in
490 3646 569 3698 rebus
588 3647 713 3698 divinis
705 3647 826 3712 inprimis
853 3647 936 3714 regiis
956 3646 1131 3699 concionibus
1151 3654 1178 3699 et

76 3720 183 3790 gaudiis
204 3726 232 3769 ct
250 3719 376 3770 luminum
397 3718 474 3800 copia
501 3733 588 3768 annua
608 3718 795 3769 dominationis
824 3717 892 3768 lesta
911 3726 1036 3770 accurate
1054 3717 1177 3769 illustra-

76 3793 125 3844 bat
144 3800 171 3843 et
188 3798 331 3876 martyrum
359 3790 510 3840 meritoriam
539 3796 565 3839 et
583 3788 662 3840 aliter
688 3789 738 3839 deo
764 3789 897 3856 gratorum
917 3791 999 3842 sacris
1018 3788 1133 3856 publicis
1152 3797 1179 3841 et

76 3863 217 3918 nocturnis
236 3860 326 3913 choris
344 3861 431 3926 plenis
450 3859 594 3912 luminibus
614 3861 687 3910 clare
706 3861 827 3924 ornabat,
845 3867 925 3927 atque
942 3867 1043 3912 tantum
1061 3862 1178 3915 intentus
1284 3871 1295 3883 ·

80 3945 137 3988 crat
157 3944 183 3988 et
200 3932 349 3985 laetabatur
372 3932 463 3984 diuino
484 3931 536 3982 hoc
554 3930 714 3997 splendore,
743 3939 771 3982 ut
793 3946 871 3981 mane
895 3932 967 3982 circa
991 3933 1089 3998 primos
1117 3932 1178 4002 gal.

79 4007 166 4059 lorum
185 4014 277 4058 cautus
296 4003 453 4070 hymnorum
471 4004 559 4069 poetis
577 4017 709 4085 apparens
730 4009 756 4054 et
774 4004 807 4053 iis
825 4003 871 4070 qui
894 4018 909 4052 e
928 4011 1022 4054 senatu
1042 4011 1069 4056 et
1087 4007 1178 4058 consi-

80 4078 118 4130 lio
138 4079 234 4131 festum
253 4074 483 4139 concelebrarent,
502 4090 537 4125 ne
552 4075 629 4141 regio
645 4074 750 4156 quidem
769 4073 839 4125 solio
859 4089 888 4124 se
907 4074 1033 4141 traderet,
1053 4078 1100 4130 sed
1117 4093 1179 4129 erc-

81 4156 139 4201 ctus
156 4164 242 4218 usque
260 4149 293 4200 ad
311 4149 390 4200 linem
420 4154 529 4210 cantus,
555 4147 600 4212 qui
628 4145 660 4196 ad
678 4145 783 4196 tertiam
808 4144 899 4196 boram
918 4146 972 4198 diei
992 4146 1096 4214 hymnis
1114 4165 1180 4218 per-

81 4220 202 4291 pulchris
221 4228 248 4273 et
264 4219 395 4290 angelicis
416 4219 534 4284 durabat,
554 4217 604 4270 deo
630 4233 725 4285 preces
744 4207 909 4285 absolvebat,
930 4225 957 4271 et
977 4219 1010 4274 ad
1027 4219 1104 4273 illum
1123 4221 1180 4274 eri
