2834 4750
241 223 292 306 ot
544 223 763 296 urcuAms
792 218 1052 293 imbutores
1071 285 1078 299 .

243 395 493 484 ριόντινικῆσαι
516 389 824 477 διαθρυλλοέμενος,
844 381 894 452 ὅτι
919 390 975 453 καί
1000 385 1034 452 so
1059 376 1153 466 ἄλγος
1175 381 1277 446 οὐδὲν
1301 367 1364 462 ἦτ-

243 491 296 564 τον
319 495 404 583 αὐτῷ
424 492 503 559 κστσὶ
528 516 563 556 τε
587 488 644 574 τήν
672 487 827 555 ἔκπτωσιν
848 488 903 568 τῆς
929 486 1033 570 α’ρχῆς
1056 485 1112 548 καί
1131 481 1189 566 τὴν
1210 484 1272 566 τῆς
1298 503 1363 544 πο-

244 601 361 673 λιτείας
383 594 438 660 καί
457 597 514 678 τῆς
535 593 715 678 παρρησίας
737 592 792 654 καί
807 591 908 672 αὐτῆς
928 589 985 669 τῆς
1003 585 1153 669 μεγίστης
1176 583 1362 665 προεδρίας

245 698 417 784 ἀφαιρέσει
442 697 648 786 διετίείκνυτο,Ι
667 694 721 755 καί
741 688 776 753 τὸ
800 693 887 764 ἕλκος
907 685 983 772 πρὸς
1010 688 1111 749 ταῦτα
1132 682 1364 766 συγκρινόμε-

244 822 296 862 νον
318 795 448 879 ἡττᾶτο,
471 797 569 880 φέρον
601 795 657 874 τῆς
685 787 839 873 πατρίδος
859 788 914 852 καί
934 788 989 868 τῆς
1015 785 1156 866 συζύγου
1178 780 1239 864 τὴν
1261 781 1385 845 ἄντι-5

244 893 392 980 σὴκωσιν.
435 895 572 976 εὐλογεῖν
598 889 657 974 γὰρ
681 887 805 972 εὐλόγει
827 885 882 952 τὸν
903 884 1033 969 κύριον,
1065 887 1119 948 καί
1145 882 1362 965 εέχαρισταῑν

246 997 302 1062 otiu
322 996 414 1078 α’νίει,
439 996 492 1058 καί
512 990 615 1065 πίθος
643 990 701 1053 ου’κ
725 989 880 1077 ἐπεκάλει
902 984 1063 1060 τὸπάθος
1094 981 1176 1047 diti
1201 982 1361 1066 πύρωσιν

213 1099 215 1110 ’
244 1091 362 1180 ἐκριβῆ
390 1098 445 1160 κατ’
472 1096 641 1158 παίδευσιν
663 1088 740 1172 πρὸς
762 1089 939 1174 τελειότητα
970 1091 1133 1171 φέρουσαν
1155 1084 1213 1150 καί
1234 1085 1361 1168 α’ρετῆς

244 1198 391 1279 ἐπίβασιν
412 1193 576 1278 κρείτονος.
617 1187 662 1274 μὴ
686 1188 902 1276 ἀφιστάμενος
924 1192 960 1253 δὲ
975 1186 1030 1252 καί
1050 1189 1104 1271 τῆς
1127 1180 1361 1266 ταπεινοίσεως

246 1297 444 1380 ἀντεγκαλῶν
457 1287 493 1379 ἤν
508 1293 607 1369 αὐτὸς
619 1287 731 1379 ἐαυτῷ,
745 1293 801 1355 καί
812 1283 885 1367 ἄξια
901 1291 1093 1353 πεπονθέναι
1102 1289 1360 1369 κατατιθέμενος
1368 1292 1394 1344 ld

245 1399 301 1461 κατ’
329 1394 406 1480 πρὸς
427 1395 502 1461 θεὸν
526 1389 611 1460 ἅπαν
633 1389 877 1476 αἰχμαλωτίζων
899 1381 1017 1472 κέρμα,
1040 1391 1095 1453 καί
1116 1390 1169 1451 ἐπί
1191 1389 1276 1450 πᾶσι
1301 1390 1361 1450 τοῦ

107 1497 399 1579 ί.179κ.ειῖγενοῦς,
421 1497 522 1560 πνέων
557 1492 604 1558 ἐτι
635 1496 679 1580 τῷ
701 1483 765 1556 ὄντι
787 1488 995 1577 φρονήματος.
1040 1486 1160 1570 οὐγὰρ
1183 1491 1361 1552 κατέπεσεν

248 1591 340 1674 ὅλως,
366 1597 442 1659 ου’δὲ
461 1597 518 1658 τοῦ
545 1596 641 1677 ζήλου
662 1593 824 1671 ἐνέδωκεν,
846 1583 898 1655 οἷα
922 1587 1059 1672 πάσχειν
1081 1582 1147 1652 οἶδε
1169 1583 1264 1670 ψυχὴ
1292 1595 1360 1658 τοῖς

247 1693 365 1770 τλλικοῖς
381 1696 601 1779 ἐιεπτορμένρῤ
613 1692 668 1757 καί
687 1690 769 1756 κοίτω
794 1695 960 1776 φέρουσιν.

338 1783 395 1858 Ὧν
413 1795 446 1857 ἐν
465 1791 578 1876 γνώσει
593 1792 752 1875 γενόμενος
768 1789 784 1853 ὁ
808 1792 932 1874 κρατῶν
947 1781 1088 1873 ἤσχαλλε
1104 1787 1161 1854 καί
1172 1788 1392 1872 μετίμελονῑῧ

247 1889 362 1979 ἔτρεφε
377 1893 432 1958 καί
441 1891 497 1976 τὴν
507 1888 729 1974 ἐπανόρθωσιν
744 1891 842 1971 έδίιγα
857 1893 925 1970 μέν,
944 1889 1001 1953 ου’κ
1015 1884 1082 1971 εἶχε
1096 1891 1126 1952 δ’
1140 1881 1225 1964 ὅπως
1237 1885 1361 1984 ἓαρτὸν

248 1994 441 2076 στηλιτιυσοι
460 1993 561 2068 κακῶς
584 1986 841 2073 ἐιανοησσὶμενον.
884 1992 1093 2070 βεβούλευται
1114 1996 1221 2055 τοίνυν
1245 1989 1362 2056 atted—
1409 2056 1410 2065 ,

248 2119 313 2172 σεις
330 2099 498 2178 προθεῖναι
518 2096 583 2159 κατ’
595 2094 708 2173 αὐτοῦ,
721 2093 776 2162 καί
788 2089 990 2176 α’ναξιότητος
1002 2088 1193 2175 γράψασθαι
1203 2088 1259 2154 τὸν
1276 2090 1360 2176 χρό-

248 2217 312 2268 νοις
338 2185 396 2279 idq
418 2199 543 2272 πολλοῖς
576 2192 632 2278 τήν
652 2193 744 2272 ἀξίαν
766 2190 1023 2275 διακοσμήσαντα
1048 2194 1103 2255 καί
1123 2188 1177 2255 τὸν
1198 2192 1359 2272 σωτήριοι

248 2291 336 2379 λόγον
362 2293 636 2381 ἐρθοτομὴσαντα.
693 2293 747 2357 καί
774 2293 917 2377 γεγόνασι
941 2297 1000 2374 μὲν
1020 2293 1075 2376 τῆς
1096 2291 1206 2357 τούτου
1234 2293 1390 2377 βουλῆςέθ

247 2401 309 2463 τῶν
324 2401 357 2461 ἐν
374 2400 575 2483 ιέλειρινές,
598 2399 680 2479 μηδὲ
704 2397 740 2460 τὸ
766 2397 824 2459 τοτῖ
845 2392 962 2479 ἀνδρὸς
980 2394 1173 2477 οἰγνοοῦντεςΙ
1187 2396 1356 2472 ἐπίδοξον·

248 2490 335 2579 ὅμως
356 2498 390 2559 δὲ
412 2498 556 2580 γεγόνασι
578 2493 901 2579 συμμεταβαλόμενοι
914 2496 1091 2595 τρῖνκαιρρῖ,
1113 2494 1207 2559 ὁποία
1222 2492 1263 2560 τὰ
1290 2498 1356 2562 ταῖν

250 2824 326 2883 tione
344 2825 444 2878 vicisse
468 2824 538 2877 fama
563 2825 731 2891 celebratus,
750 2827 815 2877 'enm
841 2825 920 2877 etiam
944 2824 1022 2877 dolor
1038 2822 1217 2891 nibil'minor
1237 2827 1264 2877 ei
1283 2827 1354 2895 qaod

252 2898 348 2948 attinet
367 2896 399 2948 ad
418 2898 545 2950 iacturam
569 2897 674 2963 imperii
701 2905 729 2947 et
746 2896 980 2949 administrationis
1009 2904 1037 2948 et
1060 2897 1186 2964 loquelae
1203 2897 1310 2950 liberae
1328 2906 1354 2949 et
1409 2955 1410 2974 ρ

251 2968 358 3021 ποικιλταί
377 2969 541 3036 principatus
560 2968 710 3020 ademtione
726 2968 869 3019 diiudicata
886 2968 999 3019 inferior
1018 2976 1092 3031 erat,
1118 2968 1231 3020 aderens
1250 2972 1353 3037 patriae

252 3040 387 3102 etuxoris
415 3042 619 3093 restitutionem.
664 3039 804 3099 celebrans
832 3039 902 3089 enim
921 3037 1074 3091 celebrabat
1091 3039 1223 3091 dominum
1243 3050 1271 3092 et
1290 3057 1353 3111 gra.

161 3155 166 3167 ,
250 3113 302 3163 tias
322 3126 403 3178 agere
421 3127 475 3163 non
504 3111 658 3174 desistebat,
679 3120 705 3161 ct
723 3110 819 3161 malum
843 3124 897 3161 non
921 3110 1074 3161 nominabat
1090 3109 1197 3174 malum,
1216 3112 1266 3164 sed
1287 3130 1352 3164 exu-

251 3184 365 3235 stionem
385 3191 534 3234 accuratam
555 3190 581 3233 et
600 3183 791 3233 institutionem
811 3182 843 3232 ad
857 3181 1061 3247 ,perfectionem
1080 3182 1229 3246 dueentem,
1249 3192 1278 3235 et
1297 3187 1352 3235 vir-

251 3254 315 3303 tutis
335 3254 517 3305 accessionem
532 3252 671 3315 ,melioris3
690 3268 744 3303 non
768 3261 856 3303 autem
875 3251 1020 3303 desistebat
1038 3260 1065 3303 et
1083 3252 1240 3305 humilitatis
1260 3271 1291 3306 se
1310 3257 1352 3305 in.

252 3323 361 3375 cusabat
388 3325 463 3389 ipse,
485 3332 511 3375 et
530 3333 558 3375 ut
580 3325 659 3391 digna
685 3339 792 3389 passum
817 3339 846 3374 se
865 3323 1031 3375 reddens'ct
1058 3324 1108 3376 deo
1134 3326 1211 3376 oinne
1230 3327 1351 3378 vinciens

252 3396 412 3462 cogitatum,
434 3397 504 3446 etin
524 3395 644 3446 omnibus
663 3394 781 3445 nobilem
800 3396 903 3460 spirans
928 3401 982 3445 turn
1001 3410 1097 3446 revera
1115 3398 1246 3447 animum:
1265 3412 1351 3465 neque

252 3468 322 3533 enim
343 3466 441 3518 decidii
469 3480 593 3532 prorsus,
613 3481 702 3533 neque
721 3466 842 3516 ardorem
860 3466 980 3529 remisit,
1001 3463 1090 3533 qualia
1108 3468 1164 3533 pati
1182 3469 1233 3519 soit
1251 3470 1351 3520 animus

251 3554 268 3589 a
288 3540 426 3605 corporeis
445 3537 589 3589 deterritus
609 3543 636 3587 et
654 3538 687 3587 iis
707 3552 776 3603 quae
794 3536 917 3587 deorsum
937 3536 1055 3588 ierunt.-

301 3656 302 3659 =
352 3625 453 3690 Quibus
474 3625 588 3693 cognitis
613 3639 661 3675 rex
681 3637 763 3690 aegre
789 3622 892 3674 ferebat
920 3630 946 3673 et
973 3624 1163 3690 poenitentiam
1182 3626 1307 3691 babebat,
1325 3635 1351 3679 et

252 3698 448 3747 restitutionem
475 3694 554 3748 valde
574 3694 713 3760 cupiebat,
732 3708 787 3745 non
806 3702 894 3744 autem
912 3694 1031 3759 sciebat,
1052 3697 1183 3763 quomodo
1201 3713 1232 3749 se
1252 3699 1351 3761 fatere

213 3784 215 3797 ·
253 3766 382 3816 turmale
400 3761 567 3818 meditatum(
583 3781 738 3833 persuasum
756 3766 840 3833 igitur
860 3773 900 3816 est
918 3766 953 3830 ei,
973 3764 1006 3817 ut*
1020 3782 1113 3818 causas
1131 3768 1266 3834 proferret
1285 3783 1350 3820 con.

252 3841 293 3885 tra
313 3851 372 3885 eum
391 3845 417 3887 et
435 3839 599 3905 indignitatis
619 3844 758 3889 accusaret
777 3851 851 3901 eum,
872 3838 916 3903 qui
935 3851 985 3902 per
1002 3836 1099 3888 multos
1116 3840 1169 3889 iam
1187 3854 1271 3891 annos
1291 3840 1349 3908 dig-

252 3906 361 3956 nitatem
388 3917 529 3958 ornaverat
555 3916 581 3959 et
614 3908 707 3960 salutis
741 3907 852 3959 verbum
875 3915 976 3957 rectum
1004 3909 1168 3972 reddiderat3
1193 3919 1220 3961 et
1246 3910 1350 3963 inerunt

253 3974 332 4027 huius
351 3976 458 4026 consilii
478 3978 582 4043 quidam
601 3981 741 4045 primores,
761 3978 827 4029 licet
844 3993 898 4028 non
917 3979 1072 4045 ignorantes
1091 3982 1143 4031 viri
1163 3980 1288 4048 gloriam,
1307 3991 1347 4033 tn.

252 4062 313 4097 men
333 4045 441 4097 fuerunt
465 4050 556 4099 mutati
582 4058 718 4115 tempore,
745 4058 775 4099 ut
789 4049 963 4101 'adulatorum
993 4066 1080 4119 nugae
1099 4062 1168 4103 sunt.
1208 4055 1346 4120 experiens

253 4124 341 4174 tutem
360 4132 434 4173 suum
451 4120 614 4188 propositum
630 4137 679 4172 rex
693 4121 839 4173 nonnullos
855 4118 928 4172 urbis
946 4123 1088 4186 antistites,
1102 4138 1168 4192 quos
1188 4124 1268 4176 etiam
1286 4140 1348 4195 pru.
