2834 4750
519 325 726 406 nrsnoum.
967 405 970 410 .
1104 339 1199 423 177(

58 511 171 569 ματι,
194 488 249 553 τὸν
276 489 570 579 ἀποβεβληκότα
537 523 591 580 τήν
610 502 778 581 βασιλείαν
797 502 853 569 και
869 505 922 569 σοί
940 503 1076 630 ταύτην
1080 513 1178 595 προδ.

58 610 189 667 μενον,
210 587 263 654 τὸν
287 591 321 655 ἐκ
343 597 542 680 πορφυριδος
569 596 847 684 ῥακοδυτήσαντα,
881 603 935 669 τὸν
957 609 1002 680 οίς
1022 611 1093 689 βίον
1114 634 1178 692 μο-

57 690 151 806 νήρη
178 689 457 775 μεταλλαξάμενον
492 698 546 762 καί
564 708 628 775 τοῖς
658 705 776 786 γήίνοις
804 703 900 768 πᾶσιν
928 703 1175 790 οἷποταξοίμενοκ,

56 789 126 852 τὸν
148 793 269 877 α’σθενή
291 795 345 859 καί
363 803 553 880 παρειμένον
568 825 621 864 και
618 799 847 868 α’κεσοιδυνου
868 808 988 885 μᾶλλον
1002 810 1176 888 θεραπείας

25 887 126 953 δεταί
139 896 351 976 ψυχαγωγίας
372 895 629 986 ἐπιδεόμενον,
600 926 654 966 τον
668 902 861 988 οίτιειρηκότα
874 914 939 980 τοις
961 902 1059 986 ὅλοις,
1075 906 1178 971 abde-

54 992 184 1055 νοῦντα
213 1017 264 1057 ιιαι
287 994 561 1085 κακουχούμενοι,
590 1001 646 1066 τὸν
670 1003 713 1079 οδς
747 1005 890 1087 κάλαμον
910 1009 1176 1090 συντετριμμένον

54 1116 121 1156 και
152 1083 286 1177 ὄμβροις
314 1097 514 1185 δακρύων’
500 1098 682 1188 εκτετιγιιίτα
715 1129 791 1181 τους
826 1102 1018 1192 δφθαίμοδς
1044 1112 1101 1173 καί
1136 1107 1174 1173 τδ

55 1193 248 1274 πρόσωπον.
300 1198 368 1261 ἀλλ’
401 1201 433 1264 εἰ
459 1199 515 1266 καί
544 1207 644 1268 ταῦτα
676 1228 812 1270 τοιαυτα
842 1209 897 1271 καί
925 1213 1064 1292 τοσαῦτα
1095 1207 1174 1295 πρὸς

56 1293 169 1359 nac-‘iai
194 1299 470 1384 παρακλήσεως,
467 1305 587 1368 ιιαλλον
618 1308 653 1370 δὲ
676 1312 774 1372 πλείοο
804 1306 938 1393 τούτων,
973 1303 1036 1398 ὅσῳ
1059 1309 1114 1373 καί
1135 1306 1171 1372 τὸ

9 1397 43 1452 1⁰
55 1397 233 1480 αγγελιιιον
253 1404 364 1519 σχήμα
385 1409 555 1488 σιωπήριός
575 1431 627 1472 σοι
644 1406 843 1528 παρίσταται
864 1406 942 1491 πρὸς
964 1407 1172 1494 παράκλησιν,

56 1497 150 1564 &tid
178 1498 219 1565 οὐ
254 1500 378 1577 πάντας
408 1529 450 1592 τῳ
480 1511 575 1594 θυμῷ
595 1512 650 1572 καί
670 1535 705 1594 τῃ
694 1510 886 1598 ἐπιθυμίᾳ
909 1511 968 1587 τοῦ
988 1510 1172 1592 βασιλεύειν

56 1603 227 1682 ἐπιμανῶς
261 1606 317 1667 καί
343 1567 523 1688 ιίκορίστοος
550 1606 585 1684 cd
617 1618 725 1675 πλεῖον
755 1613 810 1694 τῆς
840 1611 942 1696 ῥοπῆς
969 1599 1171 1691 ἐπιδώσειας,

56 1701 144 1786 μήτε
169 1699 202 1767 sd
225 1707 338 1827 σχήμα
366 1703 553 1788 αἰδούμενος
581 1709 659 1793 μήτε
685 1710 743 1795 τήν
770 1713 922 1801 μητρῴαν
943 1710 1057 1797 θηλήν,
1079 1703 1118 1795 ἧς
1140 1707 1171 1776 οἱ

56 1801 213 1878 παιδες’
200 1807 321 1870 εκείνου
342 1805 397 1869 καί
416 1805 468 1870 σοι’
482 1808 625 1898 α’δελφοι
656 1817 767 1887 κοινῶς
788 1813 1009 1934 μετεσχήκατε.
1053 1804 1169 1892 οψετατ

11 1902 46 1956 15
58 1903 99 1964 δε
122 1902 250 1981 πάντας
272 1930 323 1969 και
321 1907 384 1971 σε
405 1929 478 1988 ποτε
500 1934 586 1992 ομμα
605 1914 774 1988 τιτανῶδες
795 1914 851 1976 καί
866 1913 1016 1997 κρόνιου,
1037 1914 1092 1974 καί
1111 1910 1168 1984 τοὶς

57 2002 165 2086 τύχας
180 2027 232 2069 σοι
253 2005 334 2090 πρδς
354 2004 413 2091 τήν
434 2006 548 2088 δμοίαν
569 2009 769 2097 παραστήσει
789 2008 957 2095 κακότητα.

161 2102 258 2171 'Addo
287 2109 391 2172 ταῦτα
419 2112 479 2191 μὲν
511 2135 554 2186 αις
583 2113 617 2174 ἕν
636 2113 679 2200 τῷ
709 2114 885 2200 τραγῳδίας
916 2110 1032 2197 τρίφει
1056 2108 1110 2176 διοὶ
1132 2108 1311 2192 ιδίκθίπ,

56 2205 165 2283 πάθος
181 2211 490 2293 παρεκβατικαίτερον
506 2209 639 2296 εἴρηται.
683 2213 947 2298 ἐπιφοιτήσαντος
963 2215 1000 2278 δὲ
1012 2219 1069 2280 τοῦ
1084 2239 1168 2300 παγ-

58 2308 215 2373 ιιαιιίστου
242 2309 357 2373 τούτου
386 2312 441 2375 καί
463 2304 591 2379 ἆνοσιόυ
622 2310 880 2399 προστάγματος,
903 2315 1050 2400 δεύτερος
1072 2315 1167 2382 πάλιν

11 2422 49 2476 20
61 2408 151 2491 α’γιδν
170 2408 186 2473 δ
208 2413 283 2493 περί
304 2415 413 2495 ψυχῆς
442 2412 499 2477 καί
517 2412 617 2499 φόβος
639 2406 703 2490 οἷος
729 2414 785 2479 καί
812 2413 921 2493 κλόνος
944 2415 1168 2502 ἀπαραμυθή-

60 2535 116 2589 τος
136 2508 192 2577 τὸν
214 2514 248 2576 δυ
267 2512 429 2590 τοσούτοις
450 2517 603 2597 κατέλαβε
625 2514 859 2600 δυστυχήμασι.
917 2516 967 2581 διὸ
990 2519 1045 2581 κατ’
1065 2524 1168 2594 λιταῖς

60 2620 130 2687 τοῖς
150 2615 227 2679 ποσί
242 2616 305 2678 τοῖν
326 2616 427 2680 ἐκεῖσε
448 2616 624 2701 α’ρχιερὲοον
652 2618 855 2701 ἐκυλινδεῖτο,
877 2617 933 2682 καί
954 2615 1011 2702 τήν
1033 2620 1067 2683 εἰι
1088 2618 1167 2684 τοιί·
1208 2629 1211 2632 ’

60 2738 125 2780 των
138 2710 310 2815 βοήθειαν,
333 2711 391 2805 δ’σή
414 2741 463 2795 τις
484 2717 503 2803 ἦ
527 2718 631 2801 ἰσχύς,
651 2716 733 2802 μετὰ
755 2719 939 2786 κατωδύνου
963 2723 1019 2785 καί
1038 2717 1168 2808 ἀφορή-

60 3032 107 3097 sit,
129 3032 174 3100 qui
193 3032 222 3083 in
241 3031 322 3084 vitam
341 3031 486 3086 solitariam
504 3033 650 3099 transierit,
670 3040 697 3084 et
714 3033 831 3085 terrenis
848 3033 970 3086 omuibus
995 3050 1025 3086 se
1053 3034 1165 3085 abdica.

61 3103 145 3168 verit,
165 3104 210 3172 qui
226 3103 345 3155 iuiirmus
365 3112 392 3155 et
409 3100 521 3157 relictus
541 3105 623 3157 inerit
650 3114 677 3157 ct
701 3106 787 3173 magis
813 3103 921 3157 dolores
945 3104 1065 3156 leniente
1089 3103 1165 3156 cultu
1267 3155 1270 3161 ,

61 3176 199 3243 animique
217 3175 397 3227 moderamine
416 3176 571 3244 indiguerit,
590 3176 636 3245 qui
654 3176 815 3260 defatigatus
835 3176 956 3227 omuibus
981 3176 1166 3242 aegrotaverit

62 3255 91 3301 et
110 3255 223 3299 vexatus
243 3248 293 3311 sit,
314 3248 359 3316 qui
379 3256 409 3299 ut
426 3247 542 3299 calamus
563 3248 702 3321 confectus
727 3249 761 3300 sit
790 3254 818 3299 ct
843 3246 970 3299 imbribus
995 3246 1165 3298 lacrimarum

60 3326 212 3371 maceratus
237 3320 264 3369 iu
284 3284 370 3370 bculis
397 3328 425 3370 et
451 3333 507 3372 ore.
545 3319 592 3372 sed
611 3313 714 3371 etiamsi
730 3318 798 3370 baec
815 3317 880 3369 talia
898 3326 925 3369 et
948 3326 1021 3369 tauta
1038 3318 1071 3369 ad
1098 3333 1164 3369 sua·

62 3388 151 3441 delam
169 3388 356 3443 admonitionis
375 3391 435 3443 sive
450 3392 543 3469 potius
566 3390 607 3442 bis
625 3392 727 3443 maiora
745 3391 895 3457 pertinent,
920 3388 1078 3456 praesertim
1103 3402 1164 3439 cum

61 3460 171 3515 babitus
188 3463 348 3514 monasticus
366 3458 455 3513 tacito
466 3462 515 3514 tibi
534 3463 620 3514 adstet
637 3463 670 3514 ad
686 3462 910 3514 admonitionem.
929 3461 978 3514 sed
1000 3468 1029 3511 tu
1053 3461 1163 3512 omnino

61 3534 152 3585 auimo
172 3540 199 3585 et
215 3534 352 3601 cupiditati
370 3534 501 3601 regnandi
525 3535 603 3586 avide
628 3542 655 3586 ct
678 3535 841 3601 impotenter
867 3532 1008 3600 plurimum
1028 3530 1164 3584 momenti

63 3604 215 3669 tribueres,
241 3619 330 3673 usque
349 3603 466 3655 habitum
488 3607 589 3657 veritus
608 3621 696 3674 neque
724 3614 868 3658 maternam
898 3618 1057 3669 mammam,
1086 3604 1162 3656 cuius

61 3677 112 3729 ulii
131 3676 205 3729 iilius
224 3678 317 3745 tuique
336 3674 431 3726 fratres
451 3691 537 3743 aeque
559 3678 705 3745 participes
725 3678 823 3730 fuistis.
861 3675 962 3727 videbit
986 3641 1073 3726 autcbr
1102 3689 1162 3726 onr-

60 3750 126 3801 niuo
146 3748 224 3799 etiam
244 3755 270 3799 et
287 3746 431 3814 aliquando
451 3746 544 3799 oculus
563 3749 685 3814 puniens
695 3756 722 3800 ct
742 3747 899 3815 perficiens,
920 3753 947 3797 et
962 3745 1094 3819 sortuuqn
1112 3745 1163 3799 tibi

62 3834 110 3887 pro
130 3818 210 3872 simili
231 3819 377 3872 constituet
401 3819 542 3885 pravitate.

162 3906 214 3973 Sed
232 3905 300 3958 haec
319 3906 395 3975 quasi
413 3907 441 3957 in
459 3907 627 4027 ιεοροοδίοο
634 3905 719 3959 irusio
733 3914 843 3974 propter
852 3904 981 3958 dolorem
999 3905 1079 3958 iatius
1098 3912 1161 3960 suut

63 3976 141 4029 dicta.
162 3955 245 4029 albato
265 3987 352 4031 antem
373 3977 492 4045 permaio
524 3990 557 4029 oc
576 3985 604 4028 et
620 3979 701 4045 impio
722 3978 810 4029 edicto
828 3976 941 4030 aiterum
960 3992 1051 4030 rursus
1070 3986 1161 4031 certa.
1195 3979 1197 3990 '

61 4063 120 4099 men
140 4049 213 4101 ritae
233 4056 260 4100 et
277 4058 365 4103 terror
383 4050 478 4117 ingens
499 4055 526 4101 ct
543 4047 620 4100 turba
638 4047 809 4100 immutabilis
827 4048 898 4099 bunc
915 4049 995 4101 tantis
1008 4048 1084 4101 malis
1104 4051 1162 4101 cir.

62 4120 208 4173 cumdatum
227 4120 341 4174 deiecit:
362 4119 532 4189 quamobrem
554 4121 631 4171 etiam
655 4118 780 4187 precibus
804 4126 866 4172 anto
891 4121 973 4188 pedes
1000 4135 1161 4173 summorum

61 4189 97 4241 ibi
116 4192 279 4245 versantium
297 4194 451 4260 pontificum
477 4208 506 4244 se
524 4192 640 4259 proiecit
649 4218 661 4256 ,ι
683 4199 711 4243 et
730 4190 823 4243 borum
845 4191 982 4255 auxilium,
1002 4200 1100 4261 quanta
1118 4197 1161 4242 est

61 4262 103 4315 uis
135 4278 195 4315 eum
220 4264 319 4317 misero
346 4271 373 4316 et
399 4263 564 4318 intolerabili
588 4264 705 4331 impetu,
739 4262 882 4323 invocabat
913 4263 1009 4316 calide.
1049 4263 1160 4315 aderaut

104 4358 186 4415 itas.
204 4359 287 4415 auat
305 4358 372 4415 ssiat.
943 4360 978 4414 12
