2834 4750
252 221 304 302 to
544 231 765 304 nicaenus
795 230 1056 302 amatoris

254 394 508 483 παρεκελεύσατο
529 395 573 480 μὴ
591 395 680 480 δίκην
700 393 868 480 προβάτων
889 391 944 460 εἶπ’
956 393 1107 479 ἀλλήλων.
1119 391 1363 472 διασκεδασθῆ-

255 522 322 582 ναι,
352 496 460 573 ναθῶς
489 495 519 562 οἱ
541 499 646 561 λοιποί
674 501 872 580 στρατιῶται
895 498 1055 570 ποιούυτες
1079 491 1292 570 όπτύνονται,
1313 493 1363 552 κατ’

255 603 339 664 νῶτα
366 585 475 663 δοῦναι
497 606 561 673 τοῖς
583 603 744 678 πολεμίοις
766 599 821 662 κατ’
848 597 985 670 σκοπούς
1005 591 1139 669 ἑαυτούς
1163 596 1288 658 θέσθαι
1306 593 1363 654 τῶν

256 702 424 764 Σκυθικῶν
445 699 653 781 τοξευμάτων,
678 699 761 764 ἄλλό
785 701 859 782 παρ’
884 699 971 786 αύτῷ
994 701 1103 779 μένειν
1125 694 1181 759 καί
1198 697 1363 775 σχολαίως

256 798 392 863 ἕπεσθαι
413 797 492 886 μετὰ
509 804 666 884 καρτεροῦ
689 804 746 886 τού
759 799 994 882 συντάγματος,
1015 797 1059 883 ῶς
1075 799 1263 876 ’δυναμένου
1288 786 1383 856 τού-5

256 921 311 963 του
334 909 402 975 τοῖς
423 903 572 976 ἐναντίοις
604 901 748 986 ἰσχυρῶς
779 897 1034 982 ἀπαμύνασθαι.
1080 897 1120 986 ιοἳ
1134 894 1176 982 dr}
1199 898 1258 960 καί
1280 916 1365 972 συμ-
1394 890 1396 953 i

255 995 561 1086 ‹pposrjcasrsc‘d'pc
578 1002 632 1064 καί
644 1004 682 1090 τῇ
701 1002 816 1090 α’νύρίρ
834 999 949 1066 τούτου
960 999 1181 1084 θαρρήσαντες
1202 994 1264 1080 τὴν
1287 990 1366 1056 ἑαυ-

255 1102 319 1166 τῶν
342 1102 497 1186 σωτηρίαν
522 1098 623 1190 τούτῳ
645 1105 701 1165 καί
719 1099 775 1187 τὴν
793 1102 977 1185 εὐθυωρίαν
991 1103 1147 1165 οίνέθεντο.
1192 1097 1366 1180 ἐπορεύετο

255 1203 314 1280 μὲν
337 1194 393 1264 σύν
419 1201 489 1282 μετ’
519 1201 627 1265 αὐτῶν
655 1198 671 1264 ό
700 1199 931 1286 Βοτανειότης·
973 1201 1004 1264 oi
1034 1204 1070 1268 δὲ
1092 1197 1216 1281 Σκύθαι
1236 1192 1366 1279 πληθύν
1395 1286 1396 1289 ¹

254 1325 325 1367 τινα
351 1299 472 1378 ἰδόντες
497 1300 617 1383 μικρόν
646 1300 795 1379 συντάξει
826 1303 882 1368 καί
900 1302 1008 1391 κόσμρι
1036 1304 1295 1385 προβαίνουσαν,
1318 1295 1394 1364 εἰτ’λλ

256 1401 357 1484 oriris
381 1404 527 1488 α’κρατῶς
549 1395 682 1486 ἤλασαν.
725 1405 781 1466 καί
792 1401 892 1467 noim)
913 1401 1195 1488 περιιππεύσαντες
1215 1395 1365 1480 τούτους,

255 1503 310 1569 καί
331 1498 470 1589 νιφιίόας
492 1501 591 1580 τόξων
614 1502 725 1582 αύτοῖς
745 1502 991 1588 ἐπιπέμψαντες,
1010 1502 1062 1580 ῶς.
1074 1501 1241 1587 α’μὴχανον
1261 1495 1365 1581 ἔγνων

253 1601 312 1686 τήν
333 1604 455 1667 τούτων
477 1599 667 1684 παράλυσιν,
690 1597 825 1680 ἑαυτούς
838 1601 993 1685 ἀνέλαβον
1017 1597 1157 1667 ὄπισθεν.Ι
1200 1600 1281 1662 ὅδὲ
1297 1601 1364 1682 Bo-

253 1699 419 1788 τανειύτης
441 1701 494 1766 τόν
515 1708 738 1787 παραρρέοντα
757 1704 901 1786 ποταμόν
916 1706 1118 1786 ἐπιτείχισμα
1139 1698 1364 1784 ποιησόμενος,

255 1804 314 1868 καί
330 1827 416 1878 τινας
440 1804 581 1880 ’σκοπιὰς
611 1805 673 1868 α’πό
695 1805 815 1890 μέρους
849 1806 929 1889 ὑπὲρ
962 1803 1062 1868 ύύεού
1093 1802 1393 1886 προβαλλόμενος,ςε

255 1902 299 1980 ῶς
321 1896 361 1968 όν
381 1901 424 1988 με]
450 1906 587 1990 κυκλῷτο
611 1904 698 1988 παρύ
724 1909 786 1969 τῶν
812 1902 961 1970 ε’ναντιλον
983 1909 1039 1969 καί
1059 1904 1220 1977 παντελῶς
1244 1894 1364 1981 οἷπείρ-

254 2027 342 2090 μοιτο
358 2008 415 2088 τῆς
436 2002 513 2069 ὁδοῦ
533 2004 587 2070 καί
605 2009 705 2087 μέσον
721 2010 851 2089 χορείας
873 2007 1108 2090 α’πειροπληθεῖ
1118 2007 1242 2091 πολέμῳ
1266 1996 1364 2065 ῶλίσ-

257 2126 360 2185 κοιτο,
390 2110 556 2188 προέβαινε
583 2111 643 2187 μὲν
672 2107 748 2192 περί
775 2107 830 2183 τός
857 2098 961 2190 ὄχθας
989 2109 1046 2170 τοῦ
1070 2109 1227 2187 ποταμοῦ.
1273 2102 1308 2168 οἱ
1329 2105 1363 2168 δὲ

256 2202 457 2284 Πατζινύκοι
490 2201 585 2271 πόλιν
618 2207 855 2284 ἐπεισπεσόντες
892 2204 978 2297 αύτῷ
1006 2204 1047 2270 δι’
1082 2202 1155 2292 ὅλης
1184 2203 1364 2287 ἐπολέμουν

256 2304 399 2393 ἡμέρας,
421 2308 453 2371 ἑν
474 2307 563 2375 νυκτί
582 2310 617 2373 δὲ
639 2306 735 2375 πόλιν
756 2307 837 2375 κατὰ
867 2306 1022 2392 διαδοχὰς
1044 2310 1159 2393 ἕτεροι·
1202 2315 1391 2391 euterpe-tt

257 2408 430 2473 πῶσασθαι
463 2412 498 2473 di
523 2412 632 2474 τοῦτον
655 2414 710 2474 καί
728 2408 803 2487 τούς
827 2415 902 2497 περί
923 2410 1032 2490 αύτόν,
1055 2414 1110 2475 καί
1130 2419 1236 2475 πεῖσαι
1255 2432 1363 2474 κατα-

256 2513 363 2573 θεῖναι
389 2507 429 2571 τό
451 2504 552 2591 ὅπλα,
588 2512 738 2592 ου’όαμῶς
761 2514 977 2598 ἠδυνήθησαν.
1029 2510 1147 2577 σκοπόν
1168 2514 1203 2576 δὲ
1224 2508 1362 2594 μελετή-

256 2631 368 2683 σαντες
389 2609 521 2685 τούτους
541 2610 695 2689 ύνίοπους
716 2615 864 2698 ποιῆσαι,
891 2614 945 2678 διὰ
959 2616 1090 2679 ’πολλῶν
1110 2615 1213 2696 βελῶν
1232 2611 1362 2697 μακρό-

312 2770 352 2824 17.
372 2774 506 2849 πολέμων
526 2774 555 2829 Ο.

256 2946 332 3007 terga
352 2939 445 2991 darent
463 2940 584 2995 hostibus
598 2949 624 2993 et
644 2944 720 3011 quasi
739 2944 806 2997 bn'es
824 2959 854 2997 se
868 2945 1061 2998 constituerent
1080 2943 1264 3015 Scythicorum
1283 2944 1361 2996 iucu-

256 3008 342 3060 lorum
361 3011 407 3062 sed
428 3012 497 3079 apud
518 3029 547 3063 se
566 3024 703 3067 manerent
723 3024 749 3067 et
769 3016 915 3084 tranquille
934 3025 1110 3086 sequerentur
1129 3032 1189 3067 cum
1202 3014 1295 3067 valido
1308 3032 1361 3083 ag-

255 3082 335 3146 mine,
356 3084 455 3150 quippe
474 3086 545 3152 quod
561 3095 652 3152 posset
665 3086 785 3139 hostibus
803 3087 908 3139 fortiter
922 3089 1064 3139 resistere:
1077 3087 1119 3138 ilii
1140 3089 1222 3156 igitur
1244 3094 1271 3138 et
1290 3102 1362 3137 con-

257 3152 350 3203 cordes
376 3154 454 3205 simul
474 3165 500 3206 et
526 3157 681 3209 fortitudine
702 3159 781 3210 buius
799 3160 912 3211 animosi
930 3176 1003 3210 suam
1022 3156 1135 3211 salutem
1157 3159 1219 3209 buic
1238 3165 1264 3209 et
1282 3158 1361 3209 dire-

256 3226 371 3273 ctionem
391 3227 568 3279 crediderunt.
590 3229 812 3298 proficiscebatur
825 3231 907 3299 igitur
919 3247 977 3282 cum
997 3232 1030 3282 iis
1049 3230 1220 3282 Botaniatcs:
1241 3227 1360 3294 Scythae

256 3300 343 3343 nutem
371 3310 506 3347 numerum
534 3315 592 3349 cum
616 3301 739 3352 viderent
762 3318 872 3368 parvum
891 3302 1167 3367 ordineprocedere,
1196 3308 1289 3351 contra
1306 3301 1360 3351 iam

176 3396 180 3405 -
253 3364 394 3413 immodice
413 3370 605 3419 contenderunt
624 3379 650 3421 et
669 3387 728 3423 eum
751 3373 861 3423 multum
885 3373 983 3424 circum
1001 3372 1050 3423 hos
1069 3374 1233 3440 equitassent
1261 3379 1289 3421 et
1311 3373 1359 3421 ni.

254 3450 303 3487 ves
328 3434 474 3487 iaculorum
499 3439 532 3490 iis
553 3440 738 3503 immisissent,
765 3452 903 3512 postquam
924 3458 977 3494 non
996 3444 1054 3495 fieri
1074 3459 1154 3511 posse
1172 3450 1361 3511 cognoverunt

254 3506 348 3557 horum
375 3506 574 3576 dissipationem
599 3526 628 3561 se
653 3522 815 3578 receperunt
833 3523 915 3565 retro.
952 3514 1107 3567 Botaaiutes
1126 3523 1214 3565 autem
1232 3520 1358 3580 praeter-

253 3576 379 3629 fluentem
396 3577 504 3632 fluvium
528 3582 688 3647 praesidium
706 3584 817 3649 faciens,
838 3594 865 3636 et
882 3584 1011 3637 nonnulla
1031 3586 1212 3653 speculatoria
1230 3600 1264 3636 ex
1282 3594 1360 3651 parte

254 3663 379 3713 supereo
395 3666 609 3719 proponens,ne
629 3654 783 3721 cingeretur
803 3656 835 3707 ab
854 3656 975 3708 hostibus
996 3666 1024 3708 ct
1042 3658 1149 3709 omnino
1169 3655 1359 3709 excluderetur

254 3719 299 3768 uia
320 3727 346 3769 et
370 3723 544 3775 circumfusus
570 3726 698 3777 immensa
718 3725 885 3779 multitudine
903 3726 1021 3780 hostium
1041 3737 1197 3795 caperetur,
1224 3728 1358 3794 procede.

254 3788 299 3838 bat
318 3791 389 3839 circa
409 3795 480 3858 ripas
504 3794 588 3849 fluvii.
619 3796 757 3849 Petrinairi
778 3806 865 3850 autem
883 3814 975 3851 rursus
993 3800 1142 3867 incidentes
1162 3801 1187 3850 ei
1205 3814 1254 3866 per
1274 3806 1359 3849 totum

254 3858 408 3925 pugnabant
429 3865 506 3916 diem.
545 3875 626 3918 noctu
651 3876 740 3919 autem
764 3885 855 3922 rursus
883 3872 1002 3922 vicissim
1018 3870 1081 3934 aiii3
1112 3872 1140 3921 in
1160 3871 1249 3939 fugam
1268 3878 1358 3920 autern

253 3937 362 3981 vertere
383 3929 452 3982 hunc
467 3942 494 3983 et
511 3939 568 3989 eius
587 3938 685 3991 milites
706 3948 733 3991 et
752 3955 930 4006 commorere,
950 3949 979 3992 ut
994 3943 1162 4009 deponerent
1179 3956 1265 4003 arma,
1281 3938 1357 3990 nullo

252 4002 336 4084 modo
356 4010 516 4085 potuerunt,
544 4010 680 4063 studentes
703 4007 791 4063 autem
824 4012 872 4065 bos
898 4015 975 4082 cquis
1005 4014 1112 4079 privare
1141 4010 1231 4063 multis
1261 4010 1356 4062 iaculis

254 4085 355 4125 enimus
384 4077 470 4126 missis
496 4091 580 4145 equos
600 4095 690 4134 corum
709 4084 829 4148 icerunt,
855 4100 914 4135 cum
932 4085 965 4134 ad
984 4096 1076 4135 manns
1096 4098 1155 4134 cum
1173 4084 1206 4135 iis
1226 4084 1355 4151 congredi

252 4156 306 4195 non
323 4153 449 4212 possent3
469 4149 637 4214 experientes
657 4156 726 4203 enim
748 4163 826 4207 antea
846 4155 898 4207 boc
916 4169 999 4220 saepe
1021 4154 1119 4209 multos
1135 4168 1243 4209 suorum
1262 4153 1354 4221 perdi-
