2834 4750
492 190 496 198 “
571 205 777 279 ursionis.
810 274 814 282 ,
867 311 872 321 5
1151 201 1222 274 111

104 377 227 441 στόνοι
250 371 480 456 κατεσχηκότος
506 375 561 456 τῆς
585 367 785 453 άκροπόλεοος
811 368 954 453 (Πέτρος
988 366 1005 454 ἦ
1030 367 1224 452 προσηγορία

104 477 246 540 τουτωῒ
262 477 305 562 τῷ
326 475 427 558 άνδρί,
453 473 488 537 τὸ
514 476 641 557 ἐπίκλην
657 472 838 552 Λιβελλίος,
863 474 900 559 τῇ
919 472 953 536 δὲ
970 473 1031 534 τῶν
1043 473 1226 552 μαγίστροιν

105 578 197 664 α’ξίηι
219 579 262 663 τῷ
282 572 354 640 τότε
375 576 610 658 τετιμημένος),
634 565 734 646 οὕτως
757 573 811 653 τῆς
832 579 1013 656 πολιορκίας
1037 571 1226 653 ἀπέσχοντο,
1250 567 1255 576 ’

106 677 248 760 ἐπείπερ
274 677 329 740 καί
350 677 382 740 ἐκ
405 677 548 758 παρόδου
574 674 691 748 πολλάς
722 672 845 753 πόλεις,
867 668 906 746 dc
926 677 985 753 μὲν
1007 675 1161 754 βραχείας
1185 666 1225 745 de

68 779 157 840 56&
180 779 236 840 καί
254 777 402 860 μείζους,
423 777 457 838 ἐκ
481 779 618 853 πολέμου
638 775 693 837 καί
713 775 786 853 βίας
808 771 1004 856 οἷνηρπασαν.

228 875 270 939 Τό
296 877 324 939 δ’
350 879 500 941 ἐντεῦθεν
523 869 817 966 άγῶνρςὸπλιτικοδ
836 870 871 937 τό
893 870 1061 952 βασιλικόν
1085 871 1224 954 στρατό-

105 979 217 1041 πεδον
239 979 397 1052 ἐδέξαντο.
422 971 438 1037 δ
462 975 522 1059 γάρ
549 974 677 1058 α’μηράς
695 976 756 1038 τοῦ
770 972 884 1055 Χάλεπ
906 967 1053 1049 συνάψας
1072 979 1138 1056 τοῖς
1159 976 1225 1033 λοι-

106 1085 192 1152 ποῖς
219 1079 281 1141 sodo
312 1077 488 1161 Ἀραβικῶν
520 1074 592 1140 σόν
616 1076 665 1160 τῷ,
685 1075 845 1160 Ου’ννικρῗ,
876 1071 931 1136 καί
960 1069 1098 1150 δύναμιν
1122 1067 1226 1152 άδράν

108 1179 346 1261 ποιησάμενος,
369 1179 413 1252 είς
437 1186 548 1259 χεῖρας
570 1179 675 1238 ἐλθεῖν
690 1179 734 1260 τῷ
751 1179 884 1254 βασιλεῖ
903 1177 957 1236 καί
972 1171 1134 1254 μάχεσθαι
1156 1172 1225 1233 διε-

53 1301 96 1354 10
108 1280 279 1344 exducem.
324 1283 383 1341 τοῦ
414 1279 449 1341 δὲ
480 1282 636 1356 βασιλέως
669 1273 759 1339 ἔνδον
787 1269 872 1350 ὄντος
906 1277 960 1356 τῆς
983 1275 1225 1356 προσλωθεισης

101 1380 321 1462 Ἱεραπόλεως
353 1383 408 1454 κατ’
438 1379 720 1461 πυργομαχοῦντος
752 1377 785 1438 ἐν
814 1379 922 1457 μέρει,
953 1363 1039 1438 1καθά
1074 1372 1225 1451 λείψανον

80 1507 84 1520 ·
109 1479 403 1562 δπολόλειπτοτῆς
422 1480 683 1561 πυργοκρατειάς,
705 1474 895 1558 παρατάξεις
918 1475 1153 1560 οἷφωρίσθησαν
1168 1477 1226 1540 driu

109 1577 176 1644 τόν
194 1577 315 1659 μεταξδ
339 1573 436 1644 τόπον
454 1581 560 1642 τοῦτο
576 1575 712 1659 κάστρου
734 1579 787 1639 καί
806 1578 859 1658 τῆς
880 1577 1084 1658 παρεμβολῆς
1105 1577 1140 1640 ἐκ
1163 1579 1224 1639 τῶν
1295 1646 1305 1667 l

112 1680 268 1743 ἐναντίοιν
296 1681 560 1762 διατειχίζουσαι.
607 1680 810 1762 διεφαίνοντο
834 1677 894 1759 γάρ
916 1672 997 1750 τινες
1030 1676 1093 1739 τῶν
1112 1681 1224 1760 Σαρα-

59 1797 99 1849 15
112 1779 219 1862 κηνῶν
240 1778 318 1844 κατά
341 1779 375 1842 τὸ
398 1780 507 1842 πεδίον
530 1783 564 1842 ὲκ
589 1780 803 1860 διαστήματος
825 1773 1046 1855 ίππαζόμενοι.
1072 1779 1136 1841 εἰσί
1159 1774 1221 1859 γάρ

111 1875 193 1960 περί
209 1871 267 1962 την
280 1874 455 1960 Ἱεράπολιν
474 1876 636 1960 ίππηλατα
657 1879 753 1940 πεδία
774 1873 854 1958 πρός
873 1879 972 1958 μῆκος
985 1871 1223 1955 ἐπεκτεινόμενα

112 1983 274 2064 μέγιστον,
298 1979 354 2044 καί
373 1979 452 2065 πλὴν
473 1982 622 2064 γηλόφων
644 1979 739 2042 ου’δέν
754 1980 821 2040 ἐστι
845 1976 879 2040 τό
904 1971 1157 2058 δπερανεστηκδς
1178 1976 1224 2050 εἰς

116 2073 194 2161 ὅρος
215 2083 297 2162 μέγα
318 2079 373 2144 καί
391 2078 471 2162 πρὸς
493 2082 574 2162 α’ἑρα
596 2074 841 2157 διατεινόμενον.
885 2075 1053 2158 καυσώδης
1074 2077 1108 2141 δὲ
1130 2069 1146 2136 d
1169 2074 1224 2141 τό-

57 2187 64 2194 ’
104 2203 177 2254 ,πος
198 2182 282 2245 ἐστίν
302 2177 346 2256 ὦς
367 2176 406 2245 άν
429 2185 487 2244 τοδ
511 2181 602 2263 ἡλίου
629 2175 823 2262 θερμότερον
851 2179 952 2241 ἐκεῖσε
972 2173 1224 2259 προσβάλλοντος

66 2297 106 2351 20
118 2277 174 2344 διά
200 2277 234 2344 τό
259 2281 487 2368 μεσημβρινόν.
533 2279 607 2364 περί
639 2283 673 2343 δὲ
696 2277 734 2342 τά
757 2273 891 2362 ἑσπέρια
917 2279 976 2340 τοῦ
996 2279 1134 2360 κάστρου
1157 2285 1224 2341 λει-

115 2384 223 2461 μῶνες
253 2380 436 2468 -πεφόκασιν
469 2383 679 2465 δδραγαγίοις
711 2378 918 2463 κατάρρυτοι·
961 2376 1097 2462 χλιαρόν
1123 2374 1222 2445 δὲτὸ

117 2475 207 2564 ὕδωρ
237 2482 321 2562 ἐστί,
352 2483 595 2565 μεταλαμβάνον
618 2485 741 2555 πάντας
764 2484 818 2564 τῆς
846 2477 880 2543 ἐκ
903 2482 959 2543 τοῦ
978 2480 1072 2564 α’έρος
1094 2484 1223 2563 κοίτης

116 2578 256 2663 γεώδους
282 2585 467 2667 φλεγμονῆς
500 2577 682 2657 ε’πιτάσεοος.
732 2580 801 2647 τότε
830 2586 890 2664 μὲν
913 2573 978 2646 ἶσόν
1002 2581 1083 2646 κατὰ
1108 2578 1236 2666 μικρόν

193 2769 234 2823 14.
255 2767 457 2838 διατειχίζουοι
477 2769 506 2823 G.
526 2777 643 2837 praestat
662 2771 869 2841 διατειχιοῦσαι
888 2772 934 2823 vei
956 2771 1149 2841 διατειχίζειν.

121 2947 202 2993 nente
221 2940 289 2992 arcis
310 2938 418 3010 (Petrus
437 2958 533 3005 nomen
554 2944 615 3011 buic
633 2945 703 3008 viro,
724 2958 872 3013 cognomen
892 2943 1039 3007 Libeliius,
1060 2951 1117 2996 erat
1135 2951 1223 2997 autem

121 3012 308 3081 magistrorum
336 3014 465 3082 dignitate
492 3024 545 3066 tum
566 3016 724 3085 honoratus)
752 3017 791 3066 sic
811 3016 1011 3082 oppugnatione
1029 3015 1223 3079 abstinuerunt,

122 3083 335 3152 quandoquidem
363 3087 441 3137 etiam
462 3088 659 3152 praetereundo
678 3086 774 3137 multas
799 3085 878 3137 urbes
899 3094 925 3137 et
948 3101 1045 3151 parvas
1064 3093 1092 3136 et
1109 3088 1223 3138 maiores

122 3154 195 3206 bello
217 3162 243 3206 et
262 3156 289 3206 vi
309 3166 462 3221 rapuerunt.

125 3296 127 3303 ,
221 3242 323 3295 Exinde
349 3247 492 3297 certamine
526 3249 616 3316 gravis
640 3255 789 3297 armaturae·
808 3246 911 3315 regium
931 3246 1078 3297 exercitum
1105 3258 1224 3310 excepe.

124 3322 192 3365 runt.
229 3330 332 3367 amenas
352 3318 422 3367 enim
444 3318 556 3387 Chalepi
576 3333 736 3385 congressus
757 3317 870 3385 reliquis
888 3317 1005 3373 Arabitis
1024 3331 1082 3367 cnm
1102 3315 1225 3366 Hunnica
1245 3364 1248 3372 ,

123 3400 203 3437 tnanu
219 3394 245 3437 et
265 3388 318 3438 vim
339 3387 444 3453 plenum
471 3405 642 3457 comparans,
668 3390 701 3441 ad
729 3406 820 3441 manus
846 3390 940 3443 venire
966 3390 1026 3457 regi
1052 3396 1078 3439 et
1104 3401 1224 3455 pugnare
1306 3418 1313 3435 .

124 3456 263 3509 statuebat.
299 3474 366 3526 rege
384 3467 471 3512 autern
486 3469 610 3513 versante
629 3461 656 3512 in
671 3459 808 3528 Hierapoli
828 3470 908 3513 antea
921 3469 998 3529 capta
1017 3468 1044 3511 et
1062 3459 1154 3510 turrim
1172 3474 1223 3526 ng.

124 3528 261 3597 grediente
280 3531 308 3579 in
328 3538 402 3596 parte
421 3530 466 3582 ubi
485 3533 607 3584 relietum
622 3521 685 3583 'erat
709 3532 809 3601 aliquid
830 3535 939 3586 turrium
960 3531 1155 3593 dominationis,
1176 3546 1223 3581 or.
1272 3579 1274 3586 .

123 3600 196 3653 dines
217 3600 427 3653 secernebantur
454 3603 528 3667 duo,
552 3604 656 3667 locum,
684 3608 728 3672 qui
749 3606 818 3657 inter
848 3603 987 3656 castellum
1007 3611 1034 3653 et
1052 3610 1138 3653 castru
1157 3612 1223 3668 erat,

62 3689 69 3699 ·
123 3670 154 3723 ab
173 3670 292 3724 hostibus
310 3681 492 3725 secernentes.
530 3675 692 3741 apparebunt
714 3680 784 3728 enim
802 3675 924 3728 nonnulli
941 3674 1068 3726 Saraceni
1082 3675 1110 3724 in
1129 3689 1222 3741 campo

126 3744 241 3809 espatio
261 3744 422 3813 equitantes.
459 3754 520 3798 sunt
540 3749 609 3798 enim
630 3752 701 3801 circa
720 3748 878 3815 Hierapolin
898 3748 983 3813 campi
1002 3747 1034 3797 ad
1054 3745 1223 3813 equitandum

126 3816 177 3881 apti
196 3814 240 3881 qui
266 3816 293 3866 in
314 3814 508 3883 longitudinem
526 3820 702 3873 extenduntur
722 3820 875 3882 inanimam,
904 3826 931 3869 et
949 3825 1054 3885 praeter
1074 3817 1159 3869 colles
1177 3820 1222 3869 ni.
1236 3839 1253 3870 n

126 3885 161 3935 hii
182 3893 222 3936 est
241 3888 311 3952 quod
330 3896 451 3955 assurgat
470 3890 502 3939 sd
521 3898 638 3942 montem
657 3906 780 3959 magnum
800 3898 827 3941 et
845 3892 872 3941 in
890 3895 952 3958 abra
972 3890 1138 3941 extendatur.
1176 3904 1222 3942 nr.

124 3958 187 4026 dens
208 3956 294 4021 iocus,
316 3974 374 4009 cunr
392 3958 432 4009 sol
459 3960 560 4012 calidus
580 3960 616 4011 ibi
642 3964 742 4014 incidat
766 3971 875 4029 propter
898 3963 1044 4014 meridiem.
1082 3963 1153 4013 circa
1173 3976 1222 4012 oc.

128 4028 283 4080 cidcntaiem
309 4039 395 4082 autem
424 4039 524 4097 partem
553 4034 657 4084 castelli
684 4042 759 4101 prata
785 4043 846 4086 sunt
871 4034 1079 4103 aquaeductibus
1104 4034 1222 4100 irrigate,

129 4099 215 4168 tepida
234 4107 320 4152 autem
340 4110 381 4156 cst
398 4117 476 4170 aquo,
496 4104 629 4173 particeps
648 4106 756 4159 omnino
781 4107 954 4172 accessionis,
973 4121 1041 4176 quoe
1062 4121 1094 4159 ex
1115 4110 1178 4160 sors
1197 4112 1225 4155 et
