2834 4750
61 263 69 293 ⁸
1119 290 1193 367 res

67 477 175 530 στοις
195 448 335 540 ἐβάδιζε,
358 456 415 522 soi
435 455 471 522 τό
497 461 584 540 espa
597 461 661 524 nir
677 455 898 544 Ἀρμενιακῶν
918 461 1109 545 καταλαβών
1127 471 1193 542 τοῖς

71 557 255 640 προτέροις
285 557 387 622 αι’τοό
411 555 561 642 κόστροις
584 563 638 626 καί
664 554 762 636 αὖθις
785 562 990 648 ἀποκατέστη,
1014 559 1217 642 reinduero

68 653 246 739 ἐκδρομάς
269 658 347 723 κατὰ
372 661 434 724 τών
462 662 609 746 Τούρκων
626 657 814 742 ποιούμενος
834 661 977 746 άπεῖρξεν
998 664 1115 740 αύτούς
1135 668 1194 732 τοῦ

70 758 125 846 τῷ
155 755 287 847 τοιούτῳ
319 762 436 840 θέματι
464 761 675 844 προσβάλλειν
707 767 763 828 καί
790 769 970 841 πολεμικοῖς
995 763 1193 848 περιβάλλειν

38 865 206 956 ὁκακοῖς.
230 859 248 920 ό
268 862 304 923 δὲ
321 861 473 941 βασιλεὺς
488 867 689 947 θυμομαχῶν
703 869 773 928 κατ’
786 863 889 928 αότοό
910 864 1115 947 ἕξόποβολῆς
1137 869 1194 930 τοῦ
1222 879 1229 889 ’

71 961 324 1042 προρρηθέντος
356 959 512 1046 εύνούχοο
540 966 597 1028 τού
626 964 836 1050 Νικηφόρον,
874 974 1043 1052 προῃρεῖτο
1071 966 1192 1044 μᾶλλον

71 1055 164 1133 τούς
197 1057 356 1140 Τοόρκοος
388 1062 427 1125 τά
455 1061 627 1145 Ῥωμαίων
660 1062 745 1146 ἔχειν
774 1066 829 1128 καί
855 1059 942 1147 άγειν
972 1060 1143 1148 πράγματα
1170 1059 1192 1147 ἢ

72 1157 142 1222 τόν
168 1166 316 1226 ’Λατῖνον
345 1164 456 1228 τοῦτον
481 1167 515 1229 ἐν
543 1160 592 1229 ἔνι’
620 1163 705 1252 τόπῳ
734 1170 913 1249 χωρεῖσδαι
945 1168 1001 1229 καί
1023 1163 1193 1246 ’άπεέργειν

71 1257 144 1336 τάς
168 1261 294 1326 ἐκείνων
316 1262 501 1346 ἐπιδρομάς.
544 1263 597 1329 διά
626 1270 718 1332 τοῦτο
747 1270 803 1331 καί
824 1268 941 1342 πολλάς
964 1262 1114 1350 μηχανάς
1136 1269 1193 1331 καὶ
1225 1286 1237 1302 ’

23 1360 279 1443 1οσυνθὴματα
305 1365 360 1427 καί
394 1363 583 1447 ὑποσχέσεις
613 1372 679 1439 τοῖς
716 1362 867 1448 Τσύρκοις
892 1366 989 1444 δούς,
1021 1368 1052 1429 εἰ
1078 1366 1191 1430 τούτον

73 1457 269 1542 ποιήσοιντο
298 1465 386 1551 αύτῷ
404 1461 605 1550 ὑποχείριον,
634 1469 832 1542 ἐξαπέστειλε
860 1468 922 1531 τών
955 1466 988 1528 ἐν
1017 1463 1193 1546 ὑπεροχαῖς

76 1558 280 1642 ἀξιωμάτων
307 1565 373 1643 ἕνα,
397 1563 594 1648 στρατιώτην
616 1569 676 1644 μὲν
699 1555 787 1645 dare,
813 1568 884 1630 νέον
913 1567 948 1630 δὲ
977 1564 1032 1648 τὴν
1067 1562 1192 1647 ἡλικίαν

77 1661 144 1725 καί
164 1663 349 1746 φρονήσεως
364 1665 419 1728 καί
441 1663 572 1748 α’νδριάς
589 1663 717 1740 ούδενός
731 1667 917 1748 α’ποδέοντα,
938 1668 1075 1742 Ἀλέξων
1096 1665 1193 1748 πρόε-

80 1765 165 1846 δρον
191 1760 245 1826 τόν
269 1763 450 1846 Κομνηνόν·
489 1762 537 1842 ’ὃς
562 1764 594 1830 ἐν
612 1769 656 1852 τῷ
678 1758 769 1830 όιστει
796 1769 851 1850 τῆς
873 1768 1042 1848 Ἀμαστιάς
1064 1764 1192 1848 γενόμε.

31 1879 67 1932 15
82 1885 141 1938 νος
164 1861 352 1946 ἐκαραδόκει
375 1861 408 1928 τό
432 1866 556 1943 μέλλον.
608 1863 624 1928 d
647 1867 682 1929 δὲ
701 1866 877 1941 Ῥονοέλιος
904 1870 1015 1950 φιλίας
1037 1868 1092 1928 καί
1113 1886 1193 1928 σον-

78 1963 191 2047 θὴκας
224 1961 305 2044 μετά
327 1965 385 2029 τού
403 1968 466 2030 τών
494 1968 640 2048 Τούρκων
673 1964 861 2050 ἐξάρχοντος
885 1965 1111 2051 ποιησάμενος,
1129 1989 1192 2028 σο·
1224 1979 1226 1987 ’

80 2064 187 2146 νῆλθε
208 2060 332 2139 τούτοις
356 2067 505 2142 πολλάκις
528 2069 724 2148 ε’ψιλωμένος
747 2067 961 2148 στρατιωτῶν.
1018 2067 1052 2128 όν
1072 2068 1132 2153 μιᾷ
1156 2068 1193 2130 dd

66 2160 274 2238 σύνδειπνος
303 2163 427 2239 τούτοις
456 2163 609 2250 ύπάρχών
641 2163 813 2248 ἐπιβουλὴν
837 2165 963 2249 ,ὑπέστη
996 2161 1119 2248 δεινήν·
1161 2161 1192 2229 οἶ

81 2262 150 2347 γάρ
179 2268 312 2348 Τοόρκοι
331 2268 438 2330 πᾶσαν
461 2269 572 2350 φιλίαν
596 2263 798 2350 προδιδόντες
823 2263 1013 2348 χρημάτων,
1034 2267 1192 2348 κατέσχον

33 2379 72 2434 20
87 2362 193 2431 οιύτόν
214 2365 269 2429 καί
289 2364 454 2451 δεσμώτην
469 2369 660 2448 α’πέδειξοιν,
684 2369 892 2450 παράγγελμα
914 2366 1049 2448 νόμιμον
1070 2364 1194 2449 ἔχοντες

83 2463 222 2539 τόκτούς
242 2467 419 2547 Ῥωμαίους
441 2470 566 2532 εἴπατόν
595 2471 650 2533 καί
672 2469 823 2555 σφάττειν
852 2472 907 2533 καί
930 2468 1118 2551 προδιδόναι
1139 2465 1195 2533 καὶ
1262 2524 1273 2531 .

83 2564 130 2650 μη
157 2566 296 2633 δεδιέναι
318 2561 422 2650 ὅρκον,
442 2562 516 2633 door
537 2569 571 2633 τό
595 2577 665 2635 κατ’
688 2568 814 2645 αύτούς.
838 2574 893 2635 καί
913 2563 931 2631 d
951 2572 1009 2651 μὲν
1031 2569 1194 2649 κατείχετο

86 2666 252 2752 δεσμώτης
274 2668 397 2756 αύτοῖς,
417 2669 432 2736 ό
453 2673 487 2735 δὲ
511 2669 665 2757 πρόεδρος
693 2672 832 2750 Ἀλέξιος
859 2666 1114 2756 ἐπραγματεύετο
1137 2664 1192 2733 διά

86 2976 220 3031 militibus
249 2985 275 3029 et
299 2991 384 3029 uxore
409 2984 436 3029 et
454 2976 545 3029 liberis
571 2985 597 3029 ct
615 2979 686 3041 suis,
712 2976 825 3028 mediam
849 2992 897 3044 per
920 2983 1018 3027 terram
1042 2974 1190 3042 intrepidus

89 3047 263 3116 procedebat,
284 3057 310 3099 et
329 3048 468 3116 provincia
486 3049 643 3101 Armeniaca
664 3056 774 3113 recepta
798 3048 888 3114 priora
907 3054 993 3098 castra
1011 3061 1101 3097 rursus
1122 3045 1191 3096 reli.

89 3121 164 3189 quit:
184 3128 264 3188 atque
283 3121 321 3172 sic
340 3122 507 3173 incursiones
527 3129 619 3172 contra
637 3120 734 3172 Turcas
753 3119 854 3171 faciens
874 3119 960 3169 arcuit
980 3131 1037 3182 eos,
1055 3132 1090 3167 ne
1110 3114 1191 3165 talem

88 3192 256 3261 provinciam
276 3193 486 3259 aggrederentur
500 3201 526 3244 et
540 3192 648 3244 bellicis
668 3191 862 3243 circumdarent
877 3189 968 3240 malis:
988 3189 1035 3240 sed
1053 3203 1101 3238 rex
1120 3200 1191 3253 pug-

88 3279 143 3316 nax
162 3270 254 3314 contra
273 3280 331 3315 eum
351 3264 465 3315 consilio
485 3273 562 3315 antea
582 3264 779 3315 commemorati
796 3261 942 3327 Nicephori
963 3259 1077 3311 malebat
1094 3258 1191 3309 Turcas

90 3336 251 3390 Graecorum
272 3343 368 3386 terram
387 3344 479 3387 tenere
498 3352 640 3404 rerumque
659 3336 740 3401 potiri
765 3350 842 3402 quam
860 3333 980 3384 Latinum
1001 3332 1070 3382 hunc
1089 3332 1117 3381 in
1136 3340 1190 3379 uno

89 3410 152 3461 loco
172 3408 257 3473 recipi
277 3416 303 3458 ct
322 3422 414 3458 arcere
432 3408 540 3459 illorum
556 3410 679 3473 impetus.
718 3413 861 3473 propterca
880 3407 958 3457 etiam
977 3403 1060 3455 multa
1078 3400 1192 3453 artificia

91 3487 119 3532 et
137 3486 214 3545 pacta
235 3487 261 3529 et
285 3480 414 3545 promissa
433 3480 523 3532 Turris
543 3481 633 3543 dedit,
658 3478 681 3530 si
710 3478 780 3529 huuc
804 3478 947 3529 redderent
965 3476 1015 3529 sibi
1035 3473 1190 3535 obnoxium,

41 3600 43 3605 ,
91 3560 118 3602 et
137 3552 209 3601 misit
224 3550 378 3618 dignitatum
398 3552 568 3601 maximarum
580 3552 719 3619 quendam,
739 3550 851 3601 militem
860 3549 977 3617 quidem,
995 3548 1120 3599 iuvenem
1139 3559 1190 3595 au-

89 3633 143 3676 tem
163 3630 250 3673 aetate
266 3630 293 3673 et
308 3620 490 3687 intelligentia
502 3630 582 3691 atque
596 3623 751 3673 fortitudine
764 3622 870 3672 nemina
881 3620 1045 3681 inferiorem,
1065 3617 1190 3669 Alexium

91 3696 254 3749 Comueuum
274 3692 437 3759 praesidem:
458 3696 503 3760 qui
523 3695 639 3761 quidem,
659 3702 797 3762 postquam
812 3692 944 3744 aurariam
964 3689 1054 3741 urbem
1072 3689 1189 3753 advenit,

91 3768 206 3819 laturum
227 3764 406 3831 exspectabat.
427 3764 552 3816 Ruselius
572 3774 658 3817 autem
678 3774 816 3834 postquam
829 3765 971 3815 amicitiam
991 3770 1018 3813 et
1036 3769 1113 3828 pacta
1132 3775 1191 3811 cum

90 3838 231 3890 'lurcarum
258 3838 417 3903 imperatore
442 3837 543 3900 iunxit,
570 3852 650 3903 saepe
679 3839 754 3888 venit
778 3837 810 3887 ad
830 3836 897 3899 hos,
917 3833 1028 3885 nudatur
1047 3831 1189 3885 militibusr

91 3909 233 3977 aliquando
253 3918 340 3959 arrtem
367 3923 425 3957 cum
444 3908 512 3973 apud
539 3923 584 3959 eos
605 3909 758 3974 epularetur
778 3908 888 3958 iusidias
917 3904 998 3957 subiit
1016 3906 1101 3957 diras:
1121 3903 1189 3956 Tur.

92 3997 138 4033 cae
159 3982 243 4043 enim,
264 3981 308 4047 qui
328 3994 432 4029 onmem
452 3980 592 4029 amicitiam
612 3979 790 4044 prodidissent
809 3979 947 4045 pecuniis,
976 3984 1105 4043 ceperant
1130 3991 1190 4027 eum

93 4061 119 4102 et
137 4054 254 4104 vinctum
275 4050 454 4113 reddiderunt,
474 4050 621 4101 mandatum
647 4042 771 4101 usitatu‘m
791 4049 929 4113 babentes,
958 4056 986 4099 ut
1005 4048 1120 4101 Graecos
1139 4048 1209 4099 de..

93 4125 213 4190 cipcrcut
239 4131 265 4175 ct
291 4122 453 4173 trucidarent
484 4130 510 4171 et
536 4121 678 4187 proderent
701 4136 790 4190 neque
818 4129 975 4172 vererentur
999 4119 1190 4182 iusiurandum,

95 4203 217 4263 quantum
237 4194 269 4246 ad
288 4208 334 4247 eos
353 4193 520 4259 pertinebat:
540 4201 619 4262 atque
638 4193 681 4247 hic
700 4194 807 4261 quidem
826 4193 989 4249 retinebatur
1008 4193 1128 4261 captivus
1146 4189 1191 4258 iis,
