2834 4750
266 267 337 337 roo
563 268 784 336 nicanorus
812 225 1082 380 ttrrrmomsx

262 438 434 521 διεδείχθη
457 437 545 520 παρά
571 443 627 522 τῆς
648 441 826 520 βασιλίδος,
849 435 1065 521 προελθούσης
1086 435 1270 516 βασιλικῶς
1291 429 1370 513 μετά

262 539 325 602 τιύν
347 539 436 603 ἰδίων
456 541 592 622 παίδων,
613 535 655 614 οἷς
677 539 750 613 ἔθος
772 548 836 614 τοῖς
856 543 1054 623 βασιλεῦσιν,
1076 538 1121 611 εἰς
1141 531 1199 599 τὸν
1220 537 1373 616 μέγιστον

262 635 359 722 σηκόν
382 642 437 721 τῆς
460 643 517 704 τού
537 644 617 704 θεοῦ
639 646 767 724 σοφίας.
1023 724 1028 729 ¹
1344 736 1351 752 Ι

354 733 513 823 ’Ἀνάγκης
536 745 571 804 δὲ
590 745 705 824 πολλῆς
727 743 782 805 καί
800 737 985 822 συγχύσεως
1005 766 1040 804 εκ
1061 759 1113 820 της
1134 751 1199 803 τἀνν
1224 743 1373 820 αλλοφα-
1408 756 1409 759 ’

127 845 147 898 l.
169 843 219 897 187
229 861 252 897 r·
262 845 324 904 λῶν
349 842 450 904 ἐθνιόν
472 841 691 925 α’πηνεστάτης
710 843 886 924 ἐπιδρομῆς
906 843 964 923 την
979 840 1146 920 Ῥωμαίων
1172 836 1395 920 συμπιεζού,ῦ

262 965 319 1024 σης
342 943 413 1025 (κατ’
430 941 491 1024 γάρ
524 941 562 1005 τά
582 944 700 1023 μέν’ἐν
717 950 782 1017 τοῖς
812 947 925 1018 νοτίοις
945 945 1085 1026 μέρεσιν,
1104 936 1163 1004 ὅσα
1189 937 1278 1023 πρὸς
1302 941 1374 1005 Ἀν-

261 1042 404 1127 τιύχειαν
439 1044 493 1106 καί
515 1047 686 1125 Κιλικίαν,
707 1051 778 1117 ταῖς
801 1046 1043 1126 προειρημέναις
1077 1043 1257 1123 ἐκδρομαῖς
1280 1041 1373 1105 άπει-

261 1143 377 1228 ρηκύτα
399 1146 433 1207 ἐν
454 1138 603 1225 ἐσχάτοις
637 1135 717 1226 ἦσαν
740 1142 911 1216 κινδύνοις·
954 1147 988 1205 ἐν
1010 1143 1044 1204 δὲ
1065 1150 1128 1214 τοῖς
1148 1145 1368 1224 βορειοτέροις

157 1305 167 1316 ,
262 1244 359 1317 αύτὸς
380 1241 581 1318 δσουλτάνος
598 1244 797 1329 πανστρατιᾷ
808 1241 989 1325 ἐξελήλυθε,
1008 1242 1159 1323 δυνάμεις
1175 1233 1272 1324 ἅγιον
1293 1243 1371 1305 άνυ-

261 1345 443 1430 ποίστοος,Ι
462 1347 516 1407 καί
534 1351 600 1418 τοῖς
626 1341 726 1426 ὁρίοις
749 1341 796 1405 ἐν’
814 1345 857 1430 τῷ
890 1345 1085 1430 φθινοπώρῳ
1113 1345 1176 1406 τῶν
1197 1340 1371 1424 Ῥωμαίων
1379 1353 1402 1401 to

260 1441 466 1526 προσήνοντο,Ι
487 1441 674 1524 βουλόμενος
703 1437 950 1526 παραχειμάσαι
981 1442 1082 1507 ἐκεῖσε
1109 1445 1164 1506 καί
1183 1444 1369 1528 ἀρχομένου

258 1548 316 1607 τού
336 1541 439 1627 ζέαρος
474 1545 639 1628 προσσχαῖς
672 1549 865 1626 προσβαλεῖν
896 1545 951 1608 καί
978 1537 1079 1627 ύρδην
1114 1547 1305 1628 α’νοτρέψαι
1333 1538 1367 1606 τά

253 1641 422 1724 Ῥωμαίων
442 1642 497 1708 καί
517 1647 678 1730 καθελεῖν)
703 1646 868 1709 ἐσκέπτετο
900 1644 920 1728 ἡ
945 1644 1120 1727 Αύγυύστα
1140 1648 1199 1708 καί
1220 1646 1296 1710 ὅσοι
1319 1649 1370 1725 τῆς

259 1739 384 1827 προύτης
416 1737 495 1827 ἦσαν
515 1748 643 1828 βουλῆς,
669 1744 730 1811 σύν
753 1748 859 1824 αύτοῖς
884 1751 919 1813 δὲ
950 1752 1004 1812 καί
1025 1747 1282 1834 ἁπατριάρχης,
1305 1754 1369 1822 πούς

259 1843 316 1909 καί
337 1849 406 1910 τίνα
429 1838 548 1928 τρύπον
569 1847 715 1912 τοσούτου
737 1846 842 1914 δεινὸν
863 1849 1089 1932 α’ποτρέψαιεν.
1134 1852 1191 1913 καί
1213 1855 1368 1927 συνέδοξε
1378 1862 1401 1910 li

259 1942 316 2028 τὴν
336 1946 418 2031 ύπέρ
443 1949 505 2010 τῶν
531 1942 613 2012 ὅλων
631 1953 787 2031 κρατῆσαι
819 1948 990 2031 πρόνοιαν,
1015 1953 1071 2015 καί
1091 1955 1148 2034 τῆς
1169 1954 1296 2035 εἰδικῆς
1319 1952 1371 2015 καί

218 2071 224 2090 ·
259 2048 468 2110 ἐπιθανατίου
490 2053 701 2133 παραγγελίας
727 2049 760 2113 τύ
784 2055 871 2135 κοινῇ
896 2057 1063 2136 συμφέρον
1092 2055 1369 2137 ἐπιεικούςπροτι-

258 2145 438 2229 μήσασθαι,
459 2142 507 2212 ὅτι
531 2147 570 2212 τά
592 2148 696 2213 εἶδικὰ
717 2148 877 2236 σύμφωνα
899 2151 937 2216 τά
962 2150 1041 2236 πρὸς
1073 2155 1229 2236 δημοσίαν
1255 2157 1368 2217 συντέ-

258 2250 346 2308 λειαν
375 2245 545 2330 ἀφορῶντα
578 2253 778 2332 περιτρέπειν
809 2251 1009 2337 δεδύνηνται·
1062 2250 1097 2316 τὸ
1122 2250 1183 2335 γάρ
1205 2251 1253 2336 μή
1282 2259 1369 2335 γίνε-

258 2349 338 2409 σθαι
361 2349 495 2428 βασιλέα
531 2346 584 2411 διά
607 2348 662 2413 τὸν
684 2353 738 2431 τῆς
766 2353 880 2432 μίξεως
899 2355 992 2437 ζῆλον
1014 2352 1100 2437 κοινὴ
1130 2354 1288 2439 συμφορά
1314 2358 1400 2419 anili·

258 2448 446 2527 καθαίρεσις
471 2451 526 2530 τῆς
544 2443 713 2530 Ῥωμαίων
734 2450 836 2535 ἀρχῆς
858 2454 1054 2534 ἐγινώσκετο.
1086 2448 1259 2532 δύξαν,ούν
1282 2450 1367 2519 ούτον

257 2542 445 2631 κεκράτηκεν
468 2546 632 2633 ἡτοιαύτη
653 2549 773 2634 γνώμη,
789 2552 844 2617 καί
855 2559 991 2633 βασιλέα
1004 2560 1064 2636 μὲν
1085 2553 1101 2618 ὃ
1125 2554 1238 2640 καιρδς
1262 2559 1367 2621 ἐδεῖτο

214 2714 218 2721 „
258 2646 291 2719 ἐξ
315 2641 449 2720 άπαντος
463 2692 474 2721 ,
496 2648 526 2711 εἰ
545 2648 653 2728 μέλλοι
683 2651 723 2713 τὰ
745 2651 911 2733 Ῥωμαίων
940 2652 986 2738 μὴ
1009 2656 1190 2721 ἀπολέσθαι
1211 2659 1256 2719 δι’
1276 2652 1367 2736 ὅλου,

272 2832 276 2842 ,
329 2794 355 2846 6.
376 2798 408 2851 ἐν
425 2811 476 2848 om.
498 2798 526 2851 G.
600 2798 626 2851 8.
646 2810 705 2860 τοῖς
724 2817 775 2855 orn.
796 2804 827 2858 G.

177 2948 179 2953 '
261 2952 301 2997 est
319 2962 334 2997 a
352 2950 447 3016 regina
465 2954 610 3006 accedente
629 2957 706 3024 regie
728 2961 861 3012 cumsuis
880 2961 973 3016 liberis
992 2972 1022 3015 ut
1038 2980 1095 3033 mos
1124 2975 1163 3017 est
1188 2968 1302 3035 regibus
1323 2971 1362 3021 'ad

258 3020 397 3070 maximum
416 3024 541 3089 templum
561 3028 708 3093 sapientiae
728 3029 780 3080 dei.

356 3090 523 3146 Necessitate
553 3106 642 3151 autem
666 3116 762 3168 magna
790 3109 817 3153 et
843 3104 1001 3170 confusione
1026 3116 1136 3175 propter
1153 3111 1362 3176 peregrinorum

258 3162 416 3229 populorum
440 3163 605 3220 durisdimam
630 3172 810 3223 incursionem
840 3174 1000 3230 Graecorum
1024 3186 1121 3231 terram
1153 3189 1293 3247 premente
1328 3215 1361 3224 -

258 3235 357 3285 etenim
376 3242 464 3287 terrae
489 3239 654 3306 inpartibus
673 3242 834 3297 australibus
853 3247 885 3297 ad
903 3248 1073 3301 Antiochiam
1092 3259 1119 3302 et
1137 3252 1262 3305 Ciliciam
1284 3269 1360 3303 com.

256 3308 409 3358 memoratis
434 3309 632 3364 incursionibus
652 3313 814 3381 defatigatae
831 3319 859 3368 in
879 3323 1006 3372 extremis
1025 3322 1200 3374 versabantur
1212 3325 1360 3389 periculis:

256 3376 284 3425 in
303 3379 558 3443 septentrionalibus
578 3392 664 3434 autem
683 3386 871 3450 ipsesultanus
892 3406 950 3441 cum
969 3401 1026 3443 toto
1047 3396 1167 3444 exercitu
1187 3395 1265 3459 exiit,
1286 3398 1359 3446 vires

256 3446 356 3500 ducens
375 3449 578 3517 intolerabiles,
599 3463 625 3504 et
643 3455 739 3508 finibus
758 3467 899 3510 auctumno
921 3462 1080 3515 Graecorum
1107 3465 1286 3531 adhaerebat,
1307 3482 1359 3518 vo-

254 3518 314 3571 lens
333 3520 451 3573 hiemare
470 3522 508 3573 ibi
529 3532 555 3575 et
573 3526 720 3591 incipiente
740 3544 805 3579 vere
824 3533 929 3582 assidue
948 3535 1068 3586 incidere
1082 3546 1108 3587 et
1127 3538 1247 3589 funditus
1276 3554 1359 3590 ever-

253 3596 313 3641 tere
333 3591 493 3645 Graecorum
512 3602 609 3646 terrum
631 3605 657 3647 et
675 3597 769 3648 delere
788 3633 823 3641 -
842 3604 1046 3656 considerabant
1059 3617 1175 3675 augusta
1193 3617 1221 3659 et
1239 3612 1359 3677 quicun-

255 3676 307 3727 que
326 3664 354 3712 in
372 3678 472 3715 summo
494 3676 568 3719 eraut
586 3676 695 3732 senatu,
715 3685 827 3738 cumque
853 3675 885 3725 iis
910 3676 1077 3744 patriarcha,
1105 3681 1236 3747 quomodo
1256 3689 1359 3731 tanturn

253 3732 403 3796 periculum
423 3744 577 3791 averterent
602 3747 628 3789 et
645 3741 732 3791 visum
753 3750 807 3805 est,
833 3752 863 3795 nt
882 3749 1051 3811 providentia
1070 3753 1151 3802 totius
1171 3752 1311 3814 vinceret,
1334 3759 1359 3799 et

253 3807 283 3850 ut
302 3800 350 3853 illa
374 3808 495 3871 privatae
515 3816 541 3861 et
559 3810 729 3876 periculosae
748 3812 893 3872 hortationi
915 3832 1079 3871 corumunem
1097 3821 1240 3873 utilitatem
1260 3825 1357 3874 merito

254 3872 413 3940 anteferret,
434 3881 495 3945 qnia
514 3884 638 3948 propriae
657 3882 847 3937 inclinationes
866 3904 898 3938 ea
916 3905 984 3956 quae
1002 3891 1034 3942 ad
1053 3893 1186 3958 publicam
1205 3895 1357 3945 communi-

252 3948 333 3992 tatem
357 3956 486 4013 spectant,
507 3961 664 4017 pervertere
683 3964 835 4020 potueruut.
874 3960 945 4026 quod
965 3964 1034 4013 enim
1058 3979 1113 4015 non
1141 3974 1282 4017 crearetur
1307 3980 1355 4015 rex

251 4020 363 4078 propter
382 4019 500 4085 coniugii
520 4024 616 4089 odium,
637 4040 775 4079 commune
793 4028 891 4090 malum
910 4038 937 4080 et
956 4035 1086 4086 excidium
1101 4037 1211 4102 'imperii
1233 4037 1355 4089 Graeco.

253 4098 309 4133 rum
328 4084 499 4139 indicabatur.
537 4093 589 4144 hoc
607 4097 689 4164 igitur
707 4101 777 4163 viso,
798 4103 920 4168 superior
940 4103 990 4156 fnit
1008 4104 1069 4157 talis
1096 4108 1238 4172 sententia,
1268 4118 1354 4159 etre-

210 4166 215 4179 1
252 4168 312 4229 gem
337 4163 440 4225 tempus
467 4162 618 4227 postulabat
648 4170 766 4234 omnino,
799 4174 853 4223 nisi
885 4190 929 4225 res
956 4161 1080 4229 Graecae‘
1101 4180 1190 4246 perire
1217 4179 1351 4231 deberent
