2834 4750
149 357 152 373 .
231 253 303 334 rso
533 254 751 330 nicolaus
779 205 1039 322 inlusores

229 427 315 514 νίκην
337 427 390 493 διά
413 431 471 491 τοῦ
500 429 659 512 νικηττκοῦ
680 428 814 511 σημείου
835 433 900 500 τοϊς
926 428 1078 496 ἐναντίοις
1109 415 1347 505 παραπεμψά-

227 551 342 610 μενος,
374 527 482 604 καθοδς
508 525 542 592 οἱ·
570 525 609 592 τό
646 529 780 596 τοιαῦτα
813 526 1049 610 διακριβοῦντες
1070 517 1346 603 συμβάλλουσιν·

230 623 267 692 od
289 627 349 713 γάρ
371 627 436 694 ἔδει
457 629 566 712 μάχης
588 633 794 715 προκειμένης
815 628 958 689 τοιοῦτον
975 628 1141 706 σύμβολον
1161 624 1198 699 ἐξ
1224 617 1345 684 ἑαυτοῦ

228 728 307 814 πρός
329 733 492 805 ἐναντίους
513 734 711 811 μεταθεῖναι.

331 828 373 895 Τό
398 833 427 895 δ’
447 829 510 896 άπό
529 832 621 897 τοῦδε
638 825 829 914 δυσάντητος
851 829 928 912 ήμῖν
947 827 964 891 δ
983 827 1072 910 λόγος
1095 824 1151 889 διά
1174 821 1215 888 τό
1237 821 1366 907 ἔργω-5

228 935 280 1009 dec
300 937 364 998 roda
398 932 615 1016 ἀτυχημάτων
648 933 703 994 καί
731 933 802 994 λίαν
824 927 1016 1014 οἰπόφημον,
1039 930 1094 990 καί
1113 922 1173 1009 τήν
1199 927 1248 1000 εἰς
1269 924 1340 999 τοός

223 1035 401 1115 Ῥωμαίους
421 1034 644 1115 ἐπισυμβάσαν
661 1029 893 1114 χαλεπωτάτην
923 1031 1128 1112 δυσκληρίαν.

330 1127 427 1200 Οόπω
449 1136 537 1208 τέλος
558 1129 633 1214 ἔσχε
666 1131 737 1196 οὐδ’
757 1127 915 1212 ἀναβολήν
936 1129 955 1212 ή
978 1131 1041 1192 τῶν
1056 1130 1236 1211 πρέσβεων
1259 1120 1339 1212 άφι-

227 1243 297 1321 ξις,
317 1237 375 1300 καί
391 1258 472 1308 τινες
502 1237 563 1298 τοῖν
594 1230 773 1316 έγγυτάτων
800 1232 842 1318 τῷ
868 1237 1000 1311 βασιλεῖ
1026 1229 1201 1293 πείθουσιν
1238 1227 1338 1291 ατίτόν

187 1347 193 1356 ’
227 1337 449 1419 α’ποβαλέσθαι
470 1333 527 1418 τήν
549 1332 675 1419 εἰρήνην
712 1331 755 1414 τός
777 1337 977 1419 ψευδομένην
999 1333 1032 1399 τό
1056 1331 1148 1418 ἔργον
1169 1335 1238 1398 καί·
1252 1336 1374 1400 ἄνια-10

227 1440 333 1502 τοὸσαν
356 1438 476 1517 μᾶλλον
499 1428 519 1518 ή
539 1433 574 1498 τό
598 1439 764 1520 συμφέρον
784 1437 971 1500 ἐθέλουσαν.
1013 1437 1153 1498 δεδιέναι
1173 1435 1242 1520 γάρ
1260 1459 1338 1521 φασι

228 1533 281 1600 τόν
302 1535 474 1600 σουλτάνον
496 1532 550 1598 διό
572 1531 608 1598 τό
624 1533 673 1618 -μή
698 1533 862 1617 ἀξιόλογον
896 1533 983 1618 ἔχειν
1006 1534 1145 1617 δύναμιν
1167 1539 1228 1600 καί
1245 1559 1340 1619 περι-

177 1675 184 1684 ·
227 1641 333 1718 μένειν
357 1633 429 1710 τούς
460 1633 590 1699 κατόπιν
618 1635 720 1699 οότοῦ
741 1637 948 1716 βαδίζοντας,
984 1639 1039 1700 καί
1060 1638 1105 1724 τιή
1128 1635 1340 1719 προσχήματι

228 1739 282 1819 τής
303 1734 428 1820 εἰρήνης
462 1739 665 1818 μετεωρίζειν
695 1732 750 1800 τόν
769 1736 905 1820 χρόνον,
926 1732 969 1810 ὦς
990 1731 1030 1800 άν
1054 1733 1293 1817 ἐπικαταλόβοι
1311 1735 1340 1800 τό

228 1835 384 1919 δστεροῦν
410 1840 471 1920 ,τής
492 1835 666 1918 δυνάμεως.
725 1841 818 1911 τοῦτο
839 1835 941 1921 ῥηθέν
964 1837 1140 1922 διανίστησι
1162 1836 1223 1903 τόν
1241 1842 1374 1919 βασι-15
1410 1872 1416 1909 τ

229 1941 285 2003 λέα
304 1937 381 2020 πρός
402 1937 547 2020 πόλεμον.
590 1939 643 2000 καί
661 1935 689 2002 οἰ
711 1940 770 2018 μὲν
793 1938 927 2020 Τοόρκοι
943 1935 1021 2002 κατά
1043 1940 1130 2020 σφᾶς
1152 1936 1280 2012 αδτοός
1302 1936 1339 2002 τά

230 2039 286 2120 τῆς
299 2039 424 2122 εἰρήνης
446 2033 766 2122 ἐπραγματεόοντο,ό
789 2040 824 2102 δὲ
844 2037 997 2120 βασιλεός
1015 2037 1172 2113 σαλπίσας
1192 2038 1232 2102 τό
1246 2038 1340 2102 ένυά-

231 2146 298 2202 λιον
331 2133 518 2219 τόνμδθον
551 2137 741 2222 παραλόγως
773 2140 936 2225 ἐκράτησε.
991 2143 1221 2221 καταλαβοῦσα
1263 2143 1295 2203 δ’
1322 2134 1339 2221 ’l

231 2235 324 2324 φήμη
346 2239 418 2315 τοός
439 2237 601 2315 έναντιοός
622 2241 777 2324 casmeta.
821 2243 897 2318 τέως
921 2242 951 2304 δ’
972 2233 1029 2304 οὖν
1062 2243 1341 2322 καθοπλισάμενοι

230 2337 285 2404 καί
305 2341 400 2407 αἰτοί
419 2337 454 2405 τό
477 2343 537 2424 μὲν
559 2332 718 2426 όχρηστον
742 2343 863 2426 πλήθος
884 2343 930 2417 εἰς
950 2341 1093 2422 τοτίπίσω
1121 2339 1376 2427 προήλαυνον,λο

231 2442 323 2506 ατίτοί
342 2444 377 2506 δέ
400 2440 533 2508 κατόπιν
554 2447 736 2528 φαντασίαν
760 2445 886 2507 ἐδίδουν
914 2447 1085 2528 πολεμικῆς
1109 2443 1341 2527 άντιπαρατά-

229 2540 366 2624 ξτωςττδ
383 2543 418 2605 δέ
439 2548 581 2609 πλεῖστον
602 2541 688 2628 φυγή
701 2565 747 2617 τις
769 2550 914 2627 κατεῖχεν
935 2544 1066 2623 adsocia,
1086 2546 1341 2627 συντεταγμένας
1414 2569 1416 2590 ¹

284 2768 288 2777 ·
307 2737 349 2789 11.
370 2738 529 2795 ἐθέλουσαν
547 2738 698 2807 iuterpresz
718 2738 748 2794 0.
768 2741 912 2797 ἐθέλουσι.
1013 2754 1094 2813 φησι
1112 2714 1160 2794 (i.s

232 2915 285 2961 tem
304 2910 445 2963 victorium
464 2911 577 2965 victrice
595 2912 714 2981 imagine
733 2911 854 2967 hostibus
872 2911 990 2975 miserat,
1010 2919 1040 2963 ut
1057 2913 1078 2963 ii
1095 2912 1141 2980 qui
1159 2911 1187 2962 in
1207 2911 1276 2963 talia
1293 2912 1339 2963 in·
1414 2909 1415 2924 ³

234 2984 342 3051 quirunt
359 2983 521 3047 coniiciuut:
547 3000 635 3053 neque
655 2985 724 3036 enim
744 2984 885 3051 oportebat
912 2998 1001 3054 pugna
1020 2984 1135 3036 instante
1149 2981 1209 3034 tale
1221 2985 1340 3052 'signnm
1414 3039 1415 3042 ,

230 3054 263 3105 ab
282 3055 342 3125 ipso
360 3055 391 3113 ad
409 3055 536 3109 adversos
555 3056 704 3109 transferri.

328 3144 393 3207 Inde
411 3143 444 3196 ab
464 3143 505 3195 bis
524 3151 610 3196 autem
629 3145 680 3195 iam
700 3142 819 3195 dillicilis
834 3144 951 3195 namatio
972 3149 1082 3210 propter
1100 3150 1219 3195 atrocem
1238 3158 1273 3195 ac
1291 3145 1338 3195 ni.
1414 3161 1415 3166 ¹

228 3214 277 3267 mis
296 3214 436 3268 infaustam
457 3215 631 3267 calamitatem
655 3223 681 3265 et
700 3214 734 3266 ob
752 3215 936 3283 gravissimam
955 3214 1141 3266 infelicitatem
1151 3215 1271 3267 Graecos
1291 3216 1337 3265 in-

226 3296 376 3355 gruentem.
681 3296 685 3301 ’
825 3312 827 3317 -

328 3382 448 3435 Nondum
474 3383 551 3434 finem
577 3382 685 3435 tenebat
711 3398 799 3451 neque
824 3375 921 3434 dilatus
950 3392 1006 3435 erat
1024 3385 1154 3435 adventus
1173 3382 1351 3450 legatorum·

230 3470 289 3507 cum
309 3456 413 3523 quidam
433 3469 447 3503 c
476 3454 603 3525 proximis
630 3456 689 3523 regi
708 3455 879 3521 persuadent,
898 3463 928 3505 ut
951 3470 1044 3522 pacem
1062 3453 1193 3506 obiiceret
1210 3463 1336 3522 tanquam

229 3526 379 3579 simulatam
400 3538 497 3575 revera
523 3532 550 3574 et
579 3524 758 3591 decipientem
781 3527 866 3594 magis
891 3541 968 3593 quom
998 3524 1140 3577 utilitatem
1159 3533 1334 3591 spectantem.

229 3599 351 3650 timuisse
371 3596 459 3659 enim,
479 3594 584 3659 dieunt,
605 3594 753 3660 sultanum,
780 3599 879 3665 quippe
905 3599 951 3664 qui
977 3612 1032 3648 non
1057 3596 1168 3648 baberet
1187 3605 1336 3648 memoratu

213 3669 336 3735 ,dignam
358 3667 412 3718 vim
432 3673 459 3715 et
480 3674 636 3732 exspectare
656 3669 701 3736 qui
722 3668 755 3719 ab
774 3669 857 3734 ipsius
876 3675 953 3736 tergo
975 3668 1202 3735 progrederentur
1222 3674 1250 3718 et
1268 3684 1336 3735 pace

230 3737 352 3791 simulato
370 3745 473 3803 tempus
492 3737 600 3802 ducere,
621 3746 651 3789 ut
669 3738 720 3790 sibi
740 3738 849 3789 adderet
874 3738 984 3790 relictos
1003 3737 1117 3793 milites:
1141 3754 1210 3806 quae
1228 3740 1335 3806 quidem

230 3809 315 3861 verbo
335 3823 425 3877 regem
444 3809 476 3860 ad
495 3808 598 3860 bellum
614 3811 772 3877 perducunt.
821 3817 901 3877 atque
920 3810 1020 3862 'lurcae
1040 3810 1145 3877 quidem
1163 3811 1235 3861 inter
1253 3810 1334 3861 sede
1413 3822 1416 3836 ·

231 3895 298 3950 pace
316 3879 550 3934 deliberaverunt:
569 3896 617 3932 rex
636 3896 702 3932 vero
723 3896 781 3931 cum
801 3880 929 3933 bellicum
957 3881 1101 3933 cecinisset
1119 3895 1209 3948 pugna
1228 3890 1334 3947 praeter

234 3952 389 4019 opinionem
407 3953 482 4004 vicit.
521 3968 588 4020 quae
608 3952 676 4004 lama
696 3967 754 4002 cum
773 3952 806 4004 ad
825 3953 954 4005 adversos
971 3953 1152 4019 pervenisset,
1172 3967 1220 4005 eos
1238 3953 1333 4004 timore

230 4023 369 4091 perculsit.
408 4025 511 4075 interea
532 4039 598 4076 vero
619 4031 646 4075 et
664 4023 715 4090 ipsi
734 4024 827 4075 armati
846 4024 949 4075 turbam
979 4022 1100 4075 inutilem
1118 4024 1267 4092 interpam
1285 4039 1332 4075 re-

163 4102 165 4106 '
232 4093 377 4165 pulerunt,
396 4095 447 4162 ipsi
475 4102 562 4146 autem
586 4094 703 4147 bellicae
735 4095 804 4145 aciei
837 4094 1019 4161 spectaculum
1049 4096 1101 4145 iam
1122 4095 1186 4146 inde
1220 4094 1253 4148 ab
1280 4094 1330 4145 boc

229 4166 427 4239 praebueruutz
446 4165 593 4234 *plurimum
622 4180 689 4217 uero
708 4162 820 4216 terioris
844 4166 878 4217 iis
902 4166 1055 4219 iniecerunt
1079 4164 1240 4219 Graecorum
1262 4165 1328 4233 pba-
