2834 4750
235 237 312 312 208
539 227 760 306 uiculnus
791 225 1053 327 amarioris

199 445 205 466 ι
235 410 294 498 γόρ
316 411 362 486 εἰς
391 406 529 492 πόλεμον
559 411 795 488 δυτεπεξελθιῖν
836 409 924 496 αύτῷ
957 403 987 470 οἱ
1013 408 1049 469 ἑν
1073 395 1360 487 Ἀδριανουπόλει

236 513 433 593 συλλεγέντες
461 511 657 595 στρατιῶται
691 505 874 593 ἐτόλμησαν.
920 500 1021 582 ούτως
1047 506 1187 592 Θρᾷκας
1206 529 1245 568 τε

235 615 291 676 καί
307 608 386 691 μετό
408 611 551 693 πλήθους
573 605 737 691 ἀξιολόγου
767 610 823 690 τῆς
849 606 1012 686 Βύζαντος
1032 602 1128 689 ἐγγύς
1150 603 1358 688 ἐστρατοπε-

236 706 399 776 δεύσαντο.
452 709 487 774 τό
522 713 549 773 δ’
566 703 643 774 όλλο
679 711 801 791 πλῆθος
835 709 981 792 ἐπαφῆκε
1007 706 1066 782 τός
1096 705 1216 779 λοιπός
1253 702 1359 780 πόλεις

236 813 290 876 καί
311 811 419 896 χώρας
444 812 623 895 α’ποκεόρειν
644 833 676 874 τε
699 811 755 872 καί
776 810 882 896 δηούν.
911 810 1027 891 θέρους
1050 809 1085 871 δὲ
1107 802 1203 890 ιύρας
1227 809 1381 880 ἔνατα-5

233 917 331 996 μένης
364 915 420 978 καί
439 916 502 976 ταῖν
524 913 655 993 καρπῶν
676 910 883 995 η’ρτημὲνων,
906 909 944 970 ού
966 909 1066 993 μικρύ
1086 931 1137 982 τις
1164 910 1234 970 τῶν
1259 908 1359 990 οἶνον-

235 1017 333 1078 ιιαόων
354 1012 468 1087 σπάνις
491 1021 618 1093 κατεῖχε
639 1009 694 1093 τὴν
714 1007 947 1092 βασιλεύουσαν
968 1013 1023 1073 καί
1042 1005 1098 1083 τύς
1113 1007 1240 1082 λοιπός
1263 1001 1358 1072 ἑσπε-

235 1119 306 1196 ριάς
322 1111 446 1199 πόλεις,
468 1112 511 1188 τός
542 1115 595 1176 καί
621 1106 817 1187 αύτοῖςτοῖς
844 1109 967 1195 κτήνεσι
998 1109 1055 1184 τοὶς
1078 1107 1210 1193 τροφός
1231 1110 1357 1172 ἐπιλεί-

212 1200 322 1295 πειν,
352 1217 407 1277 aas
432 1216 634 1296 πανταχόθεν
660 1213 900 1292 ἑπιστυγνόζειν
934 1220 999 1288 τοῖς
1032 1208 1117 1286 όλοις
1145 1209 1185 1272 τό
1212 1202 1355 1294 ἇπορον·

236 1308 309 1380 ούτε
330 1314 392 1398 γὰρ
425 1312 585 1396 ἀξιόλογος
606 1311 745 1395 στρατιό
781 1315 819 1397 τῇ
840 1315 985 1394 βασιλίδι
1014 1313 1130 1394 παρῆν,
1154 1311 1238 1385 τούς
1263 1316 1390 1379 πολε-10

237 1416 333 1496 μόους
354 1417 515 1498 δυναμένη
540 1411 746 1498 όπεόσασθαι,
771 1405 836 1476 οὔτ’
861 1403 940 1496 όλλη
953 1437 1001 1488 τις
1019 1411 1150 1497 μηχανὴ
1178 1405 1357 1484 εύὲλπιδας

236 1514 312 1587 τούς
327 1518 455 1589 πολλτας
476 1515 573 1579 ε’ποιέι
590 1512 667 1598 πρὸς
689 1513 749 1597 την
769 1516 825 1579 τού
843 1512 957 1602 ἔθνους
972 1510 1173 1596 α’παλλαηιην.
1198 1511 1277 1576 ἄλλ’
1296 1511 1358 1574 οὐδ’

238 1609 256 1674 δ
279 1609 431 1693 βασιλεύς
453 1609 533 1702 λόγῳ
566 1618 621 1678 καί
644 1615 797 1699 φρονήσει
818 1617 874 1678 καί
898 1617 1087 1701 πολυπειρῖη
1110 1614 1293 1698 διαφέρων
1313 1603 1358 1693 ἤν,

238 1706 318 1782 ιόστε
341 1711 395 1776 διό
419 1715 474 1795 τῆς
500 1716 616 1788 οἰκείας
632 1712 781 1799 α’ξύτητος
802 1712 895 1779 λύσιν
918 1714 1023 1795 εύρεῖν
1052 1711 1123 1777 τινύ
1146 1716 1212 1777 τού
1239 1715 1358 1776 δεινοῦ.

144 1861 150 1869 ,
238 1818 297 1896 μιά
321 1815 355 1878 δὲ
378 1817 476 1879 πᾶσιν
498 1813 601 1879 ἐδόκει
625 1818 687 1880 τῶν
710 1815 870 1882 τοσούτων
891 1818 995 1880 κακῶν
1017 1810 1207 1897 ἀπαλλαγή·
1258 1812 1280 1897 ἦ
1302 1816 1355 1879 τού
1364 1822 1390 1872 15

240 1911 302 1980 υἷπό
322 1916 497 1996 λογοθετοόν
523 1913 714 2002 Νικηφόρον
735 1916 815 1998 πρός
827 1914 902 1992 τούς
923 1920 1092 1996 πολεμίους
1108 1911 1253 1988 ἔκδυσις.
1276 1917 1356 1979 τού-

240 2037 295 2082 τον
317 2015 378 2098 γὰρ
401 2018 542 2100 ἰσχυρῶς
571 2015 714 2100 ἐπεζήτει
736 2019 919 2098 λαβεῖνκαί
947 2011 1080 2081 κολόσαι
1110 2013 1154 2089 οἷς
1176 2017 1247 2078 τῶν
1273 2009 1356 2080 όλων

240 2116 406 2198 δυσχερῶν
429 2113 542 2193 αἴτιον,
566 2114 621 2178 καί
642 2117 760 2181 αύτόκα
794 2120 848 2199 τῆς
870 2112 1103 2200 βασιλευούσης
1125 2117 1355 2198 ἀπαναστῆναι

131 2271 135 2276 .
240 2219 294 2278 καὶ
314 2219 424 2280 δοῦναι
448 2215 506 2300 την
527 2222 686 2302 προτέραν
708 2210 821 2284 ἄδειαν
842 2219 1096 2299 τοῖςῬωμαιόις
1114 2216 1170 2281 κατ’
1187 2223 1356 2299 κατακλη-

240 2320 341 2399 poium
364 2315 402 2411 τό
423 2309 554 2388 ἑαυτόν.
590 2319 658 2382 αλλ’
682 2313 698 2380 ό
721 2317 875 2398 βασιλεύς
898 2319 1000 2385 πάντα
1022 2319 1183 2403 προέσθαι
1204 2317 1265 2380 καί
1286 2337 1388 2393 nra-20

179 2422 184 2427 ’
239 2420 312 2481 θεῖν
331 2412 456 2498 ἕτοιμος
479 2410 517 2501 ἦν
540 2412 562 2501 ἢ
584 2416 618 2483 τό
642 2420 832 2503 ζητούμενον
854 2423 889 2484 ἐκ
911 2422 1014 2501 μέσον
1036 2420 1255 2501 coadunatae·
1297 2416 1357 2481 κατ’

240 2518 337 2581 τούτο
354 2516 415 2603 γὰρ
438 2520 580 2604 ἐζητεῖτο
598 2521 652 2582 καί
674 2516 902 2604 ἐζυγομαχεῖτο
921 2527 987 2596 τοῖς
1008 2518 1158 2604 πλειόσιν,
1182 2511 1269 2583 τόστε
1287 2510 1354 2581 κᾶν

241 2616 285 2701 μὴ
308 2614 436 2693 ἔκδοτος
456 2628 521 2697 τοῖς
541 2621 689 2694 ἐναντίοις
713 2623 796 2707 δοθῇ
825 2622 1053 2707 παραλυθῆναι
1073 2624 1151 2696 τέως
1170 2618 1274 2687 αύτόν
1293 2622 1354 2702 τῆς

315 2779 356 2832 17.
376 2780 498 2854 ἰσχυραῖς
517 2780 533 2836 ό
554 2784 672 2856 Νέστωρ
691 2782 760 2841 dm?

242 2942 402 3013 disponens:
433 2960 522 3015 neque
548 2948 618 3000 enim
646 2946 678 2999 ad
696 2947 798 3000 bellum
823 2948 952 3001 obvenire
969 2948 993 2999 ei
1019 2949 1064 3016 qui
1084 2946 1263 3014 Adrianbpoli
1282 2947 1350 3000 col.

242 3016 307 3070 lecti
339 3026 414 3069 erant
443 3016 542 3072 milites
575 3021 632 3071 ausi
663 3028 739 3073 sunt:
777 3022 816 3073 sic
847 3020 962 3073 Thraces
997 3027 1039 3070 et·
1059 3019 1255 3071 multitudinem
1284 3036 1349 3071 me-

241 3095 344 3141 moratu
371 3087 475 3159 dignam
500 3106 585 3158 prope
609 3089 768 3159 Byzantium
807 3092 895 3143 duxit:
929 3090 1058 3159 reliquam
1095 3099 1182 3142 autem
1218 3091 1349 3143 multitu-

243 3160 330 3229 dinem
355 3160 454 3220 dimisit
479 3164 511 3214 ad
544 3172 647 3215 ceteras
678 3163 759 3216 urbes
790 3172 817 3214 et
844 3171 929 3215 terras
962 3163 1109 3215 tondendas
1134 3171 1160 3214 et
1191 3165 1346 3215 vastandas.

243 3240 346 3285 aestate
372 3240 459 3285 autem
488 3243 633 3300 apparente
660 3242 686 3285 et
714 3234 835 3303 frugibus
865 3235 975 3301 direptis
999 3250 1053 3285 non
1077 3249 1160 3302 parva
1183 3250 1346 3307 rerumne·

244 3304 417 3356 cessariarum
449 3306 541 3371 inopia
568 3306 676 3357 tenebat
702 3306 794 3357 urbem
822 3313 849 3356 et
875 3306 981 3373 reliqua
998 3307 1155 3357 ‘occidentis
1181 3307 1290 3373 oppida,
1309 3307 1347 3356 ita

243 3384 273 3426 ut
297 3377 376 3427 etiam
403 3376 469 3442 ipsis
495 3377 639 3441 pecoribus
673 3377 798 3428 alimenta
812 3388 815 3393 ·
831 3378 957 3429 deessent
983 3384 1008 3427 et
1037 3379 1154 3445 undique
1185 3377 1347 3445 frequenta.

200 3488 202 3501 ,
243 3454 336 3497 rentur
360 3448 493 3499 universis
519 3451 668 3515 angustiae.
715 3464 803 3517 neque
830 3451 899 3500 enim
922 3448 1103 3500 memorabilis
1131 3450 1267 3501 exercitus
1285 3447 1343 3499 urbi

135 3564 138 3570 ,
243 3519 337 3586 regiae
356 3518 462 3584 aderat,
487 3521 533 3587 qui
559 3529 657 3585 posset
672 3519 763 3572 hostes
781 3520 937 3587 depellere,
956 3536 1046 3588 neque
1065 3519 1136 3571 aliud
1155 3519 1238 3571 ullum
1258 3522 1345 3572 στιλλ.

245 3590 315 3641 oium
335 3590 457 3654 iaciebat,
476 3598 506 3642 ut
524 3591 598 3642 cives
617 3590 688 3644 bono
707 3592 795 3642 animo
816 3599 907 3643 essent
924 3593 956 3643 ad
969 3592 1062 3658 populi
1079 3590 1277 3643 liberationem.
1294 3591 1344 3642 sed

242 3667 332 3730 neque
350 3676 399 3713 rex
417 3663 539 3713 oratioue
557 3662 604 3716 vel
625 3661 764 3729 prudentia
791 3663 837 3714 vel
867 3665 1034 3729 experientia
1051 3663 1214 3730 praestabat,
1232 3672 1262 3715 ut
1277 3677 1342 3730 pro.

242 3735 302 3800 pria
322 3734 467 3801 sagacitate
486 3733 647 3786 solutionem
666 3733 748 3784 ullam
767 3734 892 3786 invenire
910 3737 1042 3802 potuisset
1059 3733 1182 3801 pericrili.
1221 3750 1275 3786 una
1293 3750 1343 3787 au-

242 3811 295 3853 tem
317 3805 438 3857 omnibus
459 3804 599 3857 videbatur
617 3814 749 3857 tantorum
767 3805 896 3859 mulorum
921 3806 1062 3870 liberatio,
1080 3806 1102 3858 si
1121 3804 1290 3872 llicepborus
1310 3820 1344 3857 ex

243 3872 384 3940 logotheta
409 3876 531 3929 hostibus
558 3878 721 3947 traderetur:
747 3877 818 3929 bunc
844 3880 914 3930 enim
939 3878 1018 3931 valde
1041 3876 1164 3929 studebat
1188 3893 1286 3944 capere
1316 3885 1344 3928 et

245 3947 376 4013 castigare
402 3955 432 3998 ut
459 3950 573 4000 omnium
603 3948 786 4002 difficultatum
806 3960 956 4015 auctorem,
976 3958 1004 4001 et
1021 3950 1108 4001 statim
1126 3947 1159 3999 ab
1178 3949 1244 4000 urbe
1262 3964 1342 4001 rece.

243 4016 319 4078 dere,
339 4022 370 4067 σι’
383 4018 445 4069 dare
464 4021 579 4085 priorem
598 4022 768 4073 securitatem
778 4021 886 4075 Graecis
907 4030 934 4072 et
951 4028 1024 4073 sorte
1038 4020 1160 4072 dividere
1177 4037 1222 4074 res
1241 4034 1340 4071 eorum.

243 4086 292 4140 sed
309 4102 358 4139 rex
377 4090 464 4139 omnia
488 4090 643 4160 relinquere
672 4101 699 4144 et
726 4095 780 4160 pati
798 4096 888 4161 potius
904 4101 964 4164 erat
984 4100 1105 4160 paratus,
1125 4106 1202 4160 quam
1219 4091 1342 4159 postula-

243 4156 322 4211 batur
341 4166 368 4213 et
385 4159 582 4228 disceptabatur
601 4179 616 4214 a
640 4164 780 4231 plurimis,
799 4174 829 4216 ut
845 4167 898 4219 nisi
917 4164 1078 4218 adversariis
1098 4164 1266 4230 traderetur,
1287 4164 1340 4215 nli-
