2834 4750
297 263 345 340 oe
457 347 460 354 ¹
601 266 822 336 nicanum
851 265 1111 335 ammioma

296 443 350 506 διίι
381 445 515 524 χειλέων
550 443 606 505 τοῦ
630 442 800 524 Διογένους
821 436 1069 522 ὁμολογούμενον
1093 438 1274 525 ἐπυθόμην.
1318 466 1389 524 γετο-

295 546 398 622 μένων
421 542 456 605 δέ
477 538 674 624 γραμμάτων
696 539 776 623 πράς
791 538 928 614 ἐκείνους
947 529 1037 627 έφ’ᾧ
1059 544 1248 622 τελεσθῆναι
1276 547 1332 607 καί
1350 543 1389 618 τάς

295 643 457 727 συνθήκας
480 643 520 704 δι’
538 634 644 725 ὅρκου,
665 644 726 706 τῶν
746 638 938 722 συμβούλων
957 641 1059 703 ου’τσῦ
1081 663 1136 718 τις,
1159 639 1196 703 τὸ
1220 645 1314 722 γένος
1333 648 1391 725 Ἀρ-

293 749 409 825 μένιος,
434 741 467 816 da
490 745 545 805 καί
565 742 643 824 πρὸς
665 740 697 804 τὸ
725 738 940 823 ἔργοναάτόν
958 739 1112 822 μειζόνως
1132 743 1306 824 ἠρέθισεν,
1321 745 1391 807 ’ἐτε-

294 843 489 926 βουλεύσατο
514 840 622 931 τούτῳ,
645 843 700 905 καί
721 841 900 922 συμπείσας
922 841 1109 920 ἀποστεῖλαι
1132 840 1211 916 τούς
1235 843 1321 929 ἀμφ’
1344 847 1404 908 αι’-5

292 944 347 1011 τὸν
369 942 510 1030 μηνυτὰς
526 945 587 1007 τῶν
602 944 870 1024 βεβουλευμένων,
894 941 973 1024 πρὸς
986 939 1164 1022 σύμπνοιαν
1186 936 1327 1020 ἄξοντας
1347 951 1392 1009 cair

292 1068 327 1109 τε
350 1043 610 1130 στρατηγούντων
641 1041 696 1106 καί
726 1047 790 1106 τῶν
818 1038 970 1125 ὖπηκόων,
983 1040 1092 1122 τινάς,
1124 1042 1168 1117 οδς
1192 1037 1285 1106 εἶδεν
1308 1045 1392 1109 αὐτὸν

292 1149 488 1227 ἐψιλωμένον
510 1146 630 1228 χειρός,
653 1153 800 1208 κατεῖπεν
822 1143 922 1207 αάτοῦ
943 1145 977 1207 ἐν
1001 1152 1065 1216 τοῖς
1093 1143 1270 1226 ἐγχωρίοις
1292 1141 1336 1220 αλς
1358 1145 1391 1229 εἴη

290 1246 508 1331 μεμελετηκώς
524 1247 731 1325 ἀποστασίαν,
754 1249 874 1325 μᾶλλον
890 1246 926 1306 δὲ
941 1246 1114 1328 προδοσίαν
1130 1245 1242 1308 αὐτῶν
1262 1247 1313 1320 είς
1335 1249 1392 1321 ταὶς

294 1343 516 1432 Σαυρομάτας.
561 1349 617 1411 καί
636 1345 716 1427 πρὸς
739 1343 845 1424 θυμὸν
873 1346 1056 1428 διερεθίσας
1076 1343 1197 1419 αάτοδς
1220 1347 1406 1412 instituat

293 1451 394 1536 τούτῳ
415 1448 556 1532 ἀθρόον,
580 1450 635 1511 καί
655 1447 768 1527 μόνον·
783 1443 925 1531 εδρηκσδς
946 1446 1163 1526 συλλαμβάνει
1175 1473 1180 1476 ·
1192 1446 1254 1510 καί
1287 1450 1334 1523 είς
1353 1450 1380 1531 τή

267 1535 273 1539 “
291 1546 524 1631 βασιλεύουσαν
547 1539 616 1631 άγει
640 1547 816 1630 δεσμώτην,
839 1549 929 1622 δίκας
942 1551 1000 1611 τοῦ
1020 1546 1222 1630 τολμήματος
1244 1552 1393 1616 δώσοντα.

293 1648 413 1732 κριθείς
425 1650 533 1713 τοίνυν
553 1646 640 1732 παρά
655 1651 718 1711 τάν
732 1647 863 1731 πράτων
880 1650 935 1729 τῆς
948 1648 1121 1732 συγκλήτου
1133 1651 1262 1732 βουλής
1285 1654 1332 1740 τῷ
1346 1654 1394 1715 τῶν

291 1745 468 1832 ἐπιβούλων
490 1746 575 1838 νόμην
592 1741 677 1813 ἑάλω
699 1749 753 1812 καί
770 1750 995 1834 κατεψηφίσθη
1018 1753 1136 1833 θανεῖν,
1160 1745 1206 1833 μή
1232 1750 1395 1834 ἀντερισαξ

154 1850 157 1854 ’
196 1938 199 1944 ‚
290 1844 313 1934 ή
341 1852 520 1926 ἀντιθέσεις
550 1848 753 1930 πλασάμενος
781 1843 801 1932 ή
822 1845 880 1932 τήν
902 1851 1091 1933 κατηγορίαν
1118 1850 1406 1933 ἀπαρνησάμενος,ι

292 1945 361 2016 ἀλλ’
378 1951 580 2034 αάτὲλεγκτος
598 1953 632 2014 ἐκ
653 1953 708 2033 τῆς
730 1949 900 2032 ὁμολογίας
916 1950 1088 2032 γενόμενος.
1113 1951 1144 2012 εἰ
1164 1951 1202 2012 δὲ
1221 1955 1284 2014 καί
1308 1949 1389 2024 adria

278 2048 362 2118 τῶν,
389 2049 586 2121 δικασάντων
614 2056 711 2133 μέρος
734 2050 901 2134 ὑπῆρχον,
923 2047 1032 2115 ἴσασιν
1052 2046 1083 2113 οἱ
1104 2056 1229 2114 πολλοί.
1278 2051 1331 2115 διὸ
1350 2050 1390 2113 καί

291 2151 445 2239 δπερορίρ
466 2151 630 2236 ἀπεστάλη
653 2148 732 2233 πρὸς
759 2154 873 2233 νῆσον,
895 2153 991 2214 πᾶσιν
1011 2145 1104 2214 ἀνιάν
1128 2153 1306 2231 ἐνθέμενος
1336 2145 1388 2215 ὅσα

289 2257 344 2336 τής
360 2253 462 2316 αάτοῧ
480 2249 618 2337 νεότητος
634 2246 655 2334 ή
669 2256 725 2315 καί
738 2250 956 2334 γενναιότητος
978 2254 1011 2315 ἐν
1031 2253 1124 2338 πείρρι
1141 2255 1350 2339 καθιστάντα.
1368 2248 1389 2312 οἱ

291 2356 320 2417 δ’
342 2352 529 2435 ἀγνοοῦντες
552 2349 650 2417 αάτὸν
672 2355 705 2416 ἐκ
729 2355 789 2417 τῶν
810 2349 942 2417 εἰδότων
962 2349 1270 2434 παραλαμβάνοντες
1294 2355 1406 2436 ἀνήρ-λ

287 2458 402 2538 χσνέξ
419 2454 513 2537 ἀκοής
536 2458 685 2535 ἐρασταί·
711 2456 766 2517 καί
787 2452 839 2517 διά
865 2456 957 2517 τοῦτο
973 2455 1015 2516 δι’
1036 2457 1133 2536 εδχής
1156 2446 1197 2535 ήν
1221 2465 1293 2529 τοῖς
1313 2454 1388 2526 ὅλοις

291 2554 447 2638 ἀνώτερον
467 2557 617 2636 γενέσθαι
636 2552 690 2617 τὸν
712 2545 814 2637 ἄνδρα
828 2548 1046 2637 κολαστηρίων
1058 2552 1114 2617 καί
1130 2560 1337 2639 χαρισθῆναι
1359 2557 1389 2638 τῇ

360 2742 386 2793 6.
407 2739 522 2803 ἄξοντες
539 2738 569 2792 G.
646 2739 687 2791 13.
709 2705 969 2809 νριθεὶς]ναὶθεὶι
989 2739 1018 2792 O.
1068 2702 1106 2820 ,ἢ

289 2893 388 2964 phoras
407 2896 533 2965 magister
551 2894 728 2946 Botaniates:
754 2893 806 2944 hoc
826 2896 895 2945 enim
913 2895 978 2959 ipsis
999 2894 1082 2947 labris
1108 2897 1182 2964 (ipso
1202 2900 1267 2964 ore)
1287 2896 1387 2964 Dioge.

287 2969 330 3021 nis
348 2969 527 3020 confirmatum
547 2968 674 3033 comperi.
711 2966 799 3017 missis
814 2961 905 3017 autem
925 2968 1033 3032 seriptis
1059 2967 1093 3019 ad
1115 2966 1196 3029 illos,
1220 2973 1254 3016 ut
1279 2983 1388 3034 compo.

286 3048 415 3091 necentur
437 3041 515 3090 etiam
536 3040 674 3105 pactiones
693 3038 874 3102 iureiurando,
888 3036 1101 3090 consiliariorum
1126 3038 1186 3087 eius
1207 3038 1331 3103 quidam,
1343 3056 1388 3107 ge-

286 3126 352 3162 nere
381 3112 540 3176 Armenius,
570 3112 615 3179 qui
640 3112 719 3163 ctiam
744 3109 777 3159 ad
796 3107 894 3160 lactum
914 3126 973 3161 eum
992 3110 1078 3176 magis
1097 3107 1259 3171 exitaverat,
1280 3111 1388 3161 insidias

286 3184 350 3235 huie
368 3184 464 3237 struxit
483 3190 510 3233 et
528 3182 690 3249 persuadens
711 3182 754 3245 ei,
774 3188 803 3230 ut
820 3180 939 3232 mitteret
957 3196 1021 3234 suos
1038 3180 1142 3231 indices
1161 3179 1344 3232 consiliorum
1362 3181 1389 3231 ad

286 3256 442 3318 societatem
460 3254 627 3306 traducturus
647 3253 773 3321 quosdam
787 3252 882 3302 ducum
901 3261 928 3303 et
946 3252 1134 3315 subiectorum,
1161 3259 1307 3319 postquam
1327 3253 1389 3304 vidit

286 3341 346 3377 enm
363 3326 487 3375 nudatum
506 3341 593 3387 manu,
612 3325 750 3387 accusavit
769 3339 827 3373 eam
846 3324 915 3389 apud
932 3323 1045 3387 incolas,
1063 3324 1138 3390 quasi
1156 3324 1304 3375 meditatim
1323 3330 1389 3375 essct

286 3397 475 3458 delectionem,
498 3397 557 3446 sive
578 3397 666 3459 potius
686 3394 863 3459 proditionem
884 3409 974 3446 eorum
995 3395 1027 3446 ad
1047 3394 1225 3457 Sauromatas,
1247 3403 1276 3445 et
1302 3398 1387 3445 animo

282 3469 400 3519 ¹incitans
420 3481 466 3517 eos
484 3465 625 3516 insidiatur
645 3464 706 3514 huic
726 3463 803 3537 simul
824 3473 851 3515 et
869 3465 955 3518 solum
976 3467 1117 3517 inveniens
1137 3465 1349 3532 comprehendit
1366 3473 1388 3515 et

285 3539 319 3590 ad
336 3540 438 3606 regiam
457 3536 528 3587 ducit
548 3537 698 3600 captivum,
719 3550 819 3598 poenas
838 3537 940 3603 incepti
961 3538 1090 3589 daturum.
1117 3538 1251 3589 iudicatus
1270 3538 1359 3603 igitur
1375 3553 1388 3585 a

244 3635 252 3642 -
284 3610 449 3677 principibus
481 3607 623 3658 convocati
647 3612 754 3656 senatus
781 3605 844 3672 lege
869 3609 1051 3660 insidiatorum
1079 3607 1265 3674 deprehensus
1293 3617 1340 3660 est
1366 3616 1389 3673 et

284 3682 420 3742 damnatus
437 3678 538 3740 mortis,
558 3691 612 3727 non
634 3677 819 3728 contradicens
838 3687 883 3729 aut
902 3681 1086 3745 oppositiones
1105 3681 1209 3748 fingens
1229 3687 1276 3729 aut
1307 3696 1389 3731 acco.

284 3752 415 3803 sationem
435 3762 546 3815 negans,
566 3748 613 3799 sed
632 3749 773 3799 convictus
793 3750 850 3815 ipse
869 3752 1056 3802 concessione.
1093 3767 1155 3803 uum
1174 3758 1264 3801 antem
1285 3760 1318 3801 et
1334 3754 1390 3817 ipsc

284 3821 400 3871 iudicum
418 3828 482 3887 pars
498 3819 613 3883 fuerim,
643 3820 731 3880 sciunt
750 3819 883 3888 plerique,
903 3822 1073 3891 quamobrem
1094 3823 1173 3873 etiam
1192 3821 1276 3872 exilio
1291 3824 1390 3873 missus

286 3892 376 3944 estad
395 3891 518 3955 insulam,
539 3891 659 3943 omuibus
678 3892 871 3959 aegritudinem
898 3896 1046 3958 imponens,
1073 3894 1227 3960 quicunque
1256 3894 1322 3943 eius
1349 3895 1389 3942 iu-

283 3971 422 4016 ventutem
446 3970 491 4014 aut
518 3965 596 4015 etiam
620 3963 787 4016 nobilitatem
814 3966 918 4030 experti
942 3974 1031 4027 erant3
1052 3966 1097 4031 qui
1122 3972 1210 4015 antem
1228 3963 1390 4031 ignorarent

284 4052 354 4101 eum,
373 4052 388 4087 a
407 4036 552 4088 scientibus
572 4036 709 4087 audientes
729 4035 828 4087 fiebant
846 4036 976 4086 audiendo
1003 4037 1061 4088 eius
1088 4044 1238 4098 amatores,
1267 4043 1298 4085 et
1325 4050 1388 4101 pro-

283 4116 375 4176 pterea
395 4100 604 4161 omnibus-voto
634 4116 707 4172 erat,
728 4108 892 4174 superiorem
919 4107 977 4157 lieri
1000 4109 1092 4159 ¹virum
1114 4107 1209 4175 poenis
1235 4114 1264 4157 et
1294 4106 1390 4157 dormi

283 4182 444 4239 Graecorum
469 4181 591 4249 imperio.
630 4194 688 4229 cum
714 4186 803 4229 autem
823 4180 902 4230 etiam
922 4178 1062 4232 consilium
1082 4179 1134 4232 viri
1151 4191 1207 4253 non
1225 4182 1332 4245 amoris
1350 4177 1390 4233 sni
