2834 4750
439 265 445 270 -
519 230 730 296 msroam.
782 327 786 332 ι
846 297 854 306 ,
1128 221 1176 298 ss

62 389 234 476 φερούσης
253 385 378 474 ἥπτετο.
425 388 454 453 οἱ
477 391 512 454 δὲ
534 389 659 454 Σκύθαι
684 389 914 473 προεγνωκότες
933 387 992 475 τὴν
1012 395 1075 457 τών
1092 387 1176 458 Ῥαο-

61 492 184 572 μαίωνΙ
200 495 386 574 προαίρεσιν
408 488 493 574 παρό
515 494 575 554 τών
597 488 784 556 ἑαλωκότων
807 492 923 577 αύτοῖς,
945 499 1178 575 προκαταλαμ-

61 593 225 674 βάνουσιν
243 591 298 668 τὰς
321 591 461 673 ἐξόδους,
486 591 541 658 καί
552 590 688 669 τούτους
711 591 925 671 ἀσυντάκτους
949 590 1094 678 εύρόντες
1115 615 1177 657 πο-

63 691 129 758 λύν
155 691 252 777 φόνον
272 694 379 757 αύτών
403 695 600 778 εἰργόσαντσ,
623 697 678 758 καί
700 693 779 768 κατὰ
801 692 913 778 κρότος
935 695 1054 774 αύτούς
1076 719 1179 760 κατα-

34 793 285 873 5γτονισόμονοι
306 793 361 856 καί
379 798 475 875 μέχρι
491 798 612 857 πολλοῦ
632 790 878 873 συνδιώξαντες,
895 797 950 859 καί
966 793 1039 870 τούς
1059 792 1180 860 τούτων

62 891 203 973 νεκρούς
226 891 468 970 σκυλεύσαντες,
493 890 549 968 οδς
571 895 606 958 δὲ
620 893 675 956 καί
698 894 818 972 ζῶντας
839 890 968 979 ἑλόντος,
990 893 1047 978 τὴν
1066 896 1180 975 προτό-

63 1016 131 1074 ραν
153 984 253 1076 ἧτταν
274 995 503 1058 α’νεκαλόοαντο
523 995 579 1056 καί
598 991 679 1078 πρός
699 993 867 1077 εὐετηρίαν
887 988 1025 1068 ἑαυτούς
1046 989 1181 1075 diremi}-

62 1115 178 1158 σαντα.
221 1090 238 1156 ό
264 1095 299 1158 δὲ
328 1095 390 1158 τών
413 1092 606 1178 Βοολγόρων
626 1091 783 1178 ἀρχηγός,
808 1091 823 1156 ό
849 1092 908 1176 τη“ν
929 1095 1033 1160 αἰτίαν
1054 1096 1113 1158 τοῦ
1134 1091 1179 1176 μη

65 1197 269 1279 κρατηθῆναι
297 1194 354 1259 τόν
380 1192 520 1275 πόλεμον
546 1191 792 1275 συνεισξνεγκών
821 1192 877 1256 καί
906 1196 1017 1284 φθόνῳ
1047 1190 1081 1258 τό
1115 1194 1180 1268 πᾶν
1204 1192 1208 1197 ’

19 1301 54 1354 10
64 1295 279 1378 σκαιοιρησας
305 1299 357 1381 τῆς
379 1293 615 1379 χαλεπότητος,
647 1293 798 1382 α’γτρώχῳ
819 1296 886 1358 τινί
905 1298 961 1359 καί
981 1299 1105 1380 θρασεῖ
1120 1318 1181 1357 κα-
1208 1371 1214 1390 x

65 1396 302 1476 τεποχούμενος
324 1399 419 1486 ἴππιρ,
440 1399 496 1460 καί
512 1405 576 1470 τοῖς
597 1399 711 1460 τούτου
726 1399 801 1473 ποσί
815 1392 975 1473 α’νόλατος
990 1389 1073 1461 εἶναι
1096 1399 1210 1476 dap-l.
1225 1406 1276 1465 1⁷4
1288 1407 1325 1465 r?

67 1502 149 1580 ρῶν,
172 1497 400 1580 περιτυγχάνει
422 1497 566 1580 διώρυγι,
590 1497 645 1560 καί
666 1496 724 1560 τού
752 1498 852 1560 ίππου
873 1502 976 1585 ταύτῃ
1001 1496 1181 1579 όεροβατῆ-

66 1623 127 1662 σαι
145 1596 244 1662 οἱονεί
254 1599 665 1683 βουληθέντος’ἑκτρε’πεται
686 1597 748 1682 τῆς
760 1598 857 1682 ἕδρας
878 1596 986 1678 αύτός,
1001 1598 1057 1662 καί
1068 1600 1182 1679 πτώμα

66 1702 109 1786 τῇ
133 1700 176 1786 γῇ
196 1700 415 1784 καταφέρεται
439 1696 601 1782 δύστηνον.
645 1704 703 1762 καί
720 1722 804 1774 τινες
828 1701 890 1763 τών
911 1702 1046 1764 Σκυθῶν
1067 1696 1182 1763 ἐπικα-

22 1811 55 1862 15
67 1797 265 1880 ταλαβόντες
284 1798 380 1864 αύτόν
403 1797 500 1886 λόγχῃ
516 1802 628 1864 τοῦτον
648 1801 921 1883 διαχειρίζονται,
943 1803 1088 1881 πύματον
1107 1790 1182 1882 όρτι

67 1900 220 1982 μαθόντα
241 1901 284 1976 ώς
306 1895 322 1963 ό
345 1899 466 1986 φθόνος
490 1903 522 1978 ἐξ
545 1893 680 1977 όπαντος
703 1899 842 1986 ύφίσται
866 1896 946 1985 Γπερί
964 1897 1021 1983 την
1041 1896 1181 1987 γραφήν,

68 2004 128 2066 καί
151 1999 281 2088 φθόρου
299 1999 477 2088 γεννητικός
499 2000 562 2067 τίτε
584 2005 643 2065 τού
653 1999 839 2086 γεννήτορας
860 1997 924 2066 τίδ’
946 1997 1064 2086 ἑτέρων
1084 2024 1181 2066 συνε-

69 2105 270 2186 νηνεγμέναν
292 2103 382 2190 crispi
400 2106 581 2186 καθέστηκε,

181 2201 260 2268 Τότε
283 2201 334 2287 δή,
356 2203 437 2288 τότε,
463 2202 543 2268 κατό
558 2203 623 2287 ’την
646 2203 745 2266 νύκτα
766 2204 821 2285 τῆς
844 2199 1040 2267 όσνντόκτου
1064 2203 1181 2288 φυγῆς,

27 2308 109 2370 λῦἐκ
137 2305 195 2389 τῆς
214 2311 412 2389 κατασκοπῆς
443 2298 458 2367 ό
482 2299 700 2387 Βριανειότης
730 2299 764 2366 τό
790 2298 1006 2387 πραττόμενον
1028 2300 1182 2387 α’τύχημα

72 2404 131 2495 καί
152 2404 191 2471 τό
223 2407 297 2493 παρ’
327 2408 440 2472 ἐλπίδα
475 2409 515 2494 τῇ
545 2404 716 2486 ‘Puteolana
752 2392 1183 2491 δοσβονλίρισυμβεβηκότα

73 2506 254 2589 θεώμενος,
285 2496 376 2583 α’νίας
398 2530 431 2571 τε
453 2508 568 2589 πολλῆς
590 2506 735 2591 ἐπλήσθη
768 2508 824 2569 καί
844 2507 898 2590 τῆς
920 2502 1086 2579 κακονοίας
1107 2502 1182 2579 τούς

72 2606 164 2677 oiim
190 2610 492 2691 συμβουλεύσαντας
528 2609 719 2674 ἐταλόνισεν.
772 2601 841 2672 εἶτα
869 2616 935 2683 τοῖς
970 2602 1051 2692 ἄμφ’
1082 2601 1183 2671 αύτόν
1274 2680 1281 2685 ,

149 2812 176 2864 3.
196 2808 377 2871 detractator
396 2812 425 2865 G.
537 2810 578 2864 16.
598 2827 633 2865 an
652 2810 849 2884 σεσόφισταιλ
954 2808 1131 2883 ligamur}
1151 2806 1181 2863 G.

76 2988 240 3039 Graecorum
269 2986 409 3040 consilium
435 3004 450 3039 a
475 2988 528 3039 suis
549 2988 662 3054 captivis
682 2994 814 3053 occupant
834 2986 922 3038 exitus
942 2992 969 3035 et
987 2983 1037 3034 hos
1057 2983 1184 3037 confusos

75 3060 248 3111 invenientes
260 3059 366 3110 multam
386 3061 494 3111 caedem
515 3074 605 3111 eoram
624 3066 865 3126 perpetraverunt3
884 3065 910 3108 et
930 3055 1035 3106 fortiter
1056 3067 1103 3104 eos
1120 3052 1183 3105 bel.

75 3129 164 3182 lantes
185 3138 211 3182 et
229 3128 312 3200 longe
331 3140 524 3200 persequentes
544 3131 683 3182 ethorum
704 3137 822 3179 mortuos
847 3128 1013 3195 spoliantes,
1039 3121 1184 3175 nonnullos

76 3202 156 3252 etiam
171 3202 248 3254 vivos
266 3204 402 3269 capientes
420 3205 536 3270 priorem
553 3202 654 3254 cladem
669 3208 844 3261 correxerunt
858 3208 884 3249 et
896 3199 928 3250 ad
949 3198 1053 3263 copiam
1072 3195 1185 3264 (bouum

75 3278 188 3343 annunt)
215 3288 245 3324 se
269 3274 479 3343 recollegerunt.
517 3274 694 3341 Bulgarorum
720 3280 807 3323 autem
832 3271 885 3323 dux
913 3271 958 3337 qui
984 3284 1090 3324 causam
1117 3265 1185 3319 belli

76 3358 130 3395 uon
158 3347 274 3395 conserti
300 3346 427 3398 intulerat
452 3355 479 3397 et
501 3346 602 3398 invidia
621 3353 701 3395 totaur
721 3343 885 3395 machinatus
906 3350 963 3395 erat
980 3339 1183 3401 difficultatem,

77 3415 193 3482 superbo
221 3424 247 3466 et
271 3418 334 3470 lorti
361 3426 454 3470 vectus
475 3434 543 3486 equo
569 3426 595 3468 et
614 3416 691 3467 huius
709 3416 821 3483 pedibus
839 3432 855 3465 a
874 3415 1030 3482 captivitate
1044 3427 1081 3483 'se
1100 3416 1184 3459 tutum

79 3502 138 3538 csse
153 3488 288 3539 conlidens
300 3491 374 3539 veuit
393 3489 424 3540 ad
445 3490 541 3541 fossam
561 3496 586 3539 et
606 3505 663 3539 cum
682 3504 766 3556 equus
786 3487 823 3537 ibi
842 3502 891 3553 per
910 3502 972 3538 aera
991 3481 1095 3550 ingredi
1115 3493 1183 3547 qua.

78 3560 100 3607 si
121 3559 214 3623 vellet,
241 3562 370 3611 evertitur
390 3562 453 3611 sede
472 3562 530 3627 ipse
551 3569 577 3611 et
597 3576 658 3612 casu
679 3561 705 3611 iu
725 3569 821 3611 terram
841 3559 966 3609 deiicitnr
985 3553 1064 3605 tristi.
1103 3559 1184 3617 atquo

78 3631 201 3683 nonnulli
225 3630 381 3697 Scytharum
400 3635 521 3699 aggressi
542 3648 610 3683 eum-
623 3632 718 3682 lancea
746 3630 816 3681 lrunc
835 3629 996 3686 conficiunt,
1022 3630 1184 3690 postremum

79 3700 181 3754 demum
201 3710 425 3773 cognoscentem,
450 3703 576 3754 iuvidiam
595 3704 742 3770 perniciem
761 3701 856 3752 afferre
876 3706 902 3749 et
922 3695 1020 3748 invidis
1040 3702 1067 3745 et
1085 3695 1119 3748 iis
1137 3694 1182 3761 qui

80 3771 175 3826 invidis
197 3782 314 3827 utuntur.

178 3862 240 3915 'l'um
253 3865 334 3930 igitur
344 3856 433 3915 'nocte
453 3861 581 3913 confusae
599 3862 679 3929 fugae
698 3878 732 3912 ex
758 3858 944 3927 speculatione
962 3857 1117 3912 Botaniates
1139 3857 1183 3910 la.

28 3989 35 4002 ι
80 3940 148 3985 ctum
170 3933 266 3986 malum
290 3942 317 3985 et
337 3949 405 4002 quae
430 3940 620 4001 contralspem
648 3934 809 3985 Graecorum
826 3931 983 4003 {temeritate
1012 3930 1081 3982 iacta
1108 3937 1183 3982 erunt

81 4006 248 4071 conspiciens
261 4006 429 4073 aegritudine
447 4004 529 4055 multa
547 4004 672 4071 impletus
693 4011 734 4055 est
755 4012 782 4054 et
802 4010 973 4078 proptereos
992 4003 1037 4070 qui
1059 4002 1094 4053 ita
1111 3999 1182 4053 stul-

81 4075 152 4127 titias
172 4085 296 4129 auctores
316 4076 420 4131 fucrant
439 4076 540 4128 doluit:
561 4075 656 4147 deinde
679 4076 734 4127 suis
754 4076 910 4142 imperavit,
930 4091 966 4127 ne
989 4074 1079 4127 ovium
1098 4074 1183 4125 instar

82 4144 147 4199 inter
165 4162 196 4201 se
213 4149 405 4217 dissiparentur
419 4150 489 4202 sicut
503 4148 586 4203 ceteri
600 4146 699 4200 milites
717 4147 848 4200 iacientes
867 4147 1097 4214 conspicerentur,
1108 4158 1180 4196 uere
