2834 4750
541 211 748 344 uncum
812 293 818 302 ·
1117 267 1192 347 ιω

52 428 172 514 ούσης
197 436 255 508 εἷς
279 435 436 518 ἐπαρχίαν
469 439 666 520 προσρυίνιο
686 439 748 503 τινί
777 435 958 518 α’ντάρονιι,
979 436 1035 502 καί
1055 432 1123 502 ιοίε
1139 430 1192 500 ὅτε

50 533 152 616 μηδὲ
181 537 349 615 ’πολέμιοι
384 534 441 618 τὴν
469 540 576 601 πᾶσαν
607 537 718 621 χώραν
748 544 893 618 κατεῖχον
922 538 975 600 καί
1006 543 1074 613 ταῖς
1103 535 1191 610 ὁδοῖς

51 633 227 708 ἁπάσαις
254 633 442 720 ἐφ’ήιλρευον,
460 640 630 719 μᾶλλονδὲ
654 631 711 702 εἶπ’
732 639 858 700 ε’κείνων
878 639 924 711 τίς
938 634 1011 711 τοὺς
1032 635 1112 701 aurci
1134 634 1191 720 τήν

51 733 240 814 βασιλίδα
264 737 457 818 κρατοῦντας
478 736 613 813 πολλοὺς
637 739 828 820 εἰσρέοντας,
869 740 925 800 νῦν
946 738 982 800 δὲ
1004 728 1071 822 ἄνω
1093 761 1191 802 ποια-

24 837 122 914 5μοί
145 832 199 898 τὸ·
217 838 362 918 πρᾶγμα·
378 835 549 924 κεχώρηκε.
574 840 631 902 τοῦ
654 838 751 922 χάριν
759 863 770 917 ,·
792 831 840 900 ὅτι
861 834 935 910 τούς
955 838 1014 917 μὲν
1036 841 1191 916 κρατοῦν-

53 957 120 1019 τας
145 930 342 1020 τυράννους
372 933 468 1018 ἔγνων
497 934 526 1000 οἱ
561 930 725 1021 ἅνθρωποι
755 936 810 1000 καί
841 927 958 1010 ἀδίκως
986 933 1041 999 κατ’
1062 934 1191 1020 οἷφελιός
1283 1018 1288 1023 ο

51 1029 121 1116 τὴν
145 1038 333 1115 βασιλείαν
356 1033 543 1119 ἰθύνοντος,
564 1035 618 1102 τὸν
650 1039 678 1101 δ’
712 1034 799 1112 dende
832 1037 929 1123 α’·ρετῇ
958 1036 1187 1117 (isoldunense,

56 1136 121 1197 καί
145 1133 300 1224 ἀληθείη
331 1135 385 1218 καί
412 1136 567 1223 πραότητι
588 1135 643 1226 καί
671 1135 853 1225 δικαιοσύνῃ
882 1132 1189 1218 κατακοσμούμενον,
1199 1146 1279 1202 i.2l9
1289 1164 1313 1202 r.
1366 1122 1368 1138 ¹

56 1233 120 1300 καί
146 1232 275 1300 ἱκανὸν
304 1238 468 1318 βασιλείας
489 1241 600 1320 κράτος
628 1238 662 1304 ἒν
683 1246 806 1323 καιροῖς
833 1237 1014 1319 α’νωμιίλοις
1034 1240 1189 1323 depol&

10 1348 47 1401 10
58 1337 351 1419 διακυβερνῆσαι,
371 1339 481 1421 κροίτος
505 1343 545 1424 τῇ
566 1340 627 1402 τῶν
650 1340 1003 1427 κρατούντωνκακονοιρι
1024 1335 1103 1422 πρὸς
1124 1330 1188 1402 ὅλι.

58 1440 154 1500 stov
184 1436 233 1498 ου’
260 1434 376 1519 μικρὸν
408 1441 461 1502 καί
488 1437 653 1520 βάραθρον
688 1438 846 1513 α’πωλείας
875 1432 936 1522 ἤδη
966 1439 1117 1503 σνννεῦον
1135 1438 1191 1504 καί

62 1529 322 1618 υίνωθούμενον.
365 1542 427 1603 τῶν
446 1541 553 1604 τοίνυν
575 1539 755 1621 ἀνθρώπων
784 1534 882 1615 οὕτως
903 1536 1042 1621 ἐχόντων
1063 1535 1190 1622 γνώμης
1249 1529 1252 1533 ’

63 1636 127 1700 καί
150 1643 397 1721 προαιρέσεως,
418 1643 694 1725 συνεπειγηφίζετο
715 1640 771 1705 κατ’
798 1638 875 1716 θεὸς
897 1633 1035 1722 ἄνωθεν,
1058 1643 1114 1706 καί
1133 1641 1189 1703 da-

65 1739 125 1816 ξιοὶ
150 1738 267 1802 πάντα
290 1739 391 1828 τούτῳ
412 1741 468 1804 καί
487 1739 616 1825 πρὸτῆς
638 1742 808 1826 ε’πιιλημιάς
820 1743 995 1823 θαυμαστοὶ
1017 1744 1200 1818 distillare,
1277 1745 1280 1748 ’

18 1851 54 1902 15
65 1837 114 1912 ὥς
148 1840 213 1902 κατ’
241 1833 344 1922 αὐτην
372 1837 429 1923 τήν
457 1843 578 1925 μητέρα
607 1843 662 1905 καί
684 1841 759 1918 τούς
786 1850 946 1924 συγγενεῖς
968 1834 1111 1915 ἅπαντας
1131 1841 1189 1905 τοῦ

67 1943 275 2021 κρατοῦντος
298 1936 402 2027 ἐκείνῳ
423 1938 480 2023 ,τὴν
502 1946 670 2022 βασιλείαν
690 1938 1187 2025 ἐπιτρέπειν,συγκατατιθεσθαι,

69 2041 132 2101 καί
157 2041 404 2120 διαπέμπεσθαι
435 2039 516 2123 πρὸς
547 2037 668 2122 ουἰιίν,
698 2045 753 2107 κατ’
773 2040 813 2105 sd
838 2038 1030 2126 ἐπιβατήρια
1051 2040 1187 2122 ψάλλειν

70 2136 170 2224 αὐτῷ
193 2143 250 2203 καὶ
272 2143 432 2206 διοιδονείν
453 2137 532 2221 μετὰ
555 2144 611 2224 τῆς
634 2146 745 2223 λοιπῆς
766 2139 1185 2226 ιῶνπολιτιὸνὸμηγιὶριονς.

68 2238 108 2301 ud
137 2240 178 2302 δὲ
204 2237 244 2320 (λη’
271 2247 409 2324 κρεῖττον
435 2241 488 2306 καὶ
509 2239 601 2323 λόγου
625 2241 744 2314 παντὸς
765 2237 961 2326 ὑψηλότερον
989 2235 1012 2324 ἢ
1038 2244 1186 2324 παραδο-

23 2341 222 2423 coetaneos,
246 2334 294 2406 ὅτι
317 2366 374 2427 περ
400 2341 428 2407 οἱ
455 2347 601 2426 Τοῦρκοι,
622 2345 676 2425 τῆς
699 2341 853 2424 ἀνατολῆς
873 2342 974 2429 πάσης
992 2341 1187 2428 κυριεύσαν-

72 2464 128 2516 τες
151 2434 241 2525 ἤδη,
262 2452 327 2519 τοῖς
361 2446 575 2527 ον’τομολοῦσι
605 2443 685 2529 πρὸς
713 2442 770 2508 τόν
798 2448 1010 2527 Βοτανειοὶτην
1038 2444 1184 2518 πολίταις
1234 2451 1237 2458 ’

72 2534 147 2622 ἅμα
170 2545 231 2607 καί
251 2546 409 2630 α’γροίκοις
434 2544 580 2627 ἐμποδών
600 2546 640 2609 ου’
659 2544 867 2615 aedelstano·
914 2541 996 2608 α’λλοὶ
1021 2545 1183 2626 sandapila

72 2735 81 2752 x
150 2710 180 2767 4.
202 2715 326 2785 ποταμῷ
344 2714 372 2767 G.

849 2764 862 2788 ἱ

76 2892 140 2941 res,
161 2887 305 2947 antequam
333 2878 402 2930 iacta
427 2886 481 2943 cst,
506 2894 559 2930 non
591 2878 766 2931 credebatur:
795 2879 910 2931 nondum
935 2878 1005 2929 enim
1032 2893 1182 2947 quenquam

52 2994 57 3003 .
77 2951 224 3017 quisquam
242 2949 347 3001 viderat
366 2965 399 3000 cx
416 2950 482 3001 u'rbe
506 2951 533 2999 in
553 2951 717 3016 provinciam
745 2949 898 3000 aillnentem
922 2948 1004 2999 alicui
1023 2949 1182 3000 seditionem

76 3022 221 3072 moventi:
246 3029 326 3088 atque
353 3030 423 3084 tum,
443 3036 502 3071 cum
527 3035 563 3071 ne
583 3021 673 3073 hostes
692 3020 797 3087 quidem
823 3034 926 3070 omnem
944 3027 1041 3069 terram
1058 3026 1183 3071 tenerent

78 3099 106 3141 et
125 3092 182 3143 viis
213 3092 333 3143 omnibus
358 3094 522 3155 insiderent,
550 3094 634 3159 magis
664 3091 696 3142 ab
723 3090 779 3142 illis
811 3092 842 3142 ad
862 3090 1028 3140 dominantes
1042 3091 1070 3139 in
1090 3089 1183 3140 urbem

76 3162 179 3214 multos
204 3162 360 3215 affluentes:
379 3179 450 3214 nunc
475 3171 562 3214 autem
581 3163 693 3214 adverso
720 3162 826 3213 llumine
854 3175 898 3210 res
915 3160 1038 3211 recessit.
1075 3156 1183 3227 qnare?

77 3234 144 3299 quia
163 3234 325 3299 imperantes
341 3237 467 3301 tyrannos
483 3250 542 3285 esse
556 3241 740 3300 cognoverant
758 3233 879 3303 homines
894 3239 921 3281 et
937 3231 1035 3281 iniuste
1054 3238 1082 3282 et
1101 3246 1182 3297 parce

77 3318 193 3372 regnum
212 3306 372 3371 gubernare,
392 3322 451 3357 eum
469 3313 564 3369 autem,
588 3306 633 3371 qui
654 3306 819 3356 extrinsecus
839 3311 905 3366 erat,
924 3302 1024 3353 virtute
1040 3301 1133 3353 lucere
1154 3307 1181 3352 et

78 3377 197 3425 veritate
217 3384 244 3426 et
265 3376 407 3428 clementia
433 3386 459 3428 et
475 3378 576 3429 iustitia
593 3384 712 3427 ornatum
741 3391 800 3426 esse
829 3383 856 3425 et
873 3382 961 3451 aptum
980 3373 1013 3423 ad
1030 3373 1110 3441 regni
1128 3386 1180 3438 po..

77 3446 192 3495 tentiam
211 3454 368 3512 tempestate
392 3449 494 3499 incerta
518 3456 575 3499 tuto
594 3447 805 3515 gubemandam‚
831 3446 977 3512 potentiam
994 3445 1180 3515 imperantium

78 3515 260 3581 imprudentia
279 3517 311 3568 ad
329 3517 477 3583 periculum
494 3533 548 3569 non
573 3534 684 3585 parvum
703 3527 730 3569 et
747 3519 905 3585 voraginem
928 3518 1047 3568 iacturae
1064 3516 1117 3565 ianr
1134 3515 1180 3565 in.

79 3586 177 3638 llexam
197 3595 224 3637 et
242 3602 367 3653 pressam.
406 3604 464 3639 cnm
483 3590 564 3657 igitur
584 3590 705 3643 homines
733 3589 801 3639 banc
826 3587 956 3640 haberent
973 3587 1133 3639 sententiam
1151 3592 1178 3636 et

79 3656 258 3721 uoluntatem,
275 3672 411 3710 assensum
422 3658 499 3711 dabat
516 3662 593 3710 etiam
609 3662 674 3712 deus
686 3675 802 3725 superne
816 3668 843 3710 et
861 3660 954 3710 dextra
967 3658 1054 3709 omnia
1077 3656 1140 3711 buia
1152 3662 1180 3708 ot

80 3736 143 3779 ante
162 3731 304 3781 adventum
319 3728 488 3788 ,admirabilia
502 3732 689 3795 constituebat,
716 3732 753 3782 ita
767 3739 797 3781 nt
810 3731 905 3805 etipsa
922 3738 1006 3781 mater
1026 3736 1053 3780 et
1071 3727 1179 3794 cognati

81 3813 174 3853 omnes
184 3800 339 3867 imperantis
350 3798 391 3851 illi
401 3791 515 3868 regnum
526 3802 667 3855 advertere
682 3802 868 3865 convenirent,
887 3808 915 3851 et
923 3802 1030 3852 nuntios
1043 3800 1179 3850 mitterent

82 3870 115 3920 ad
132 3888 191 3923 eum
205 3878 232 3924 ct
248 3872 377 3924 adventus
391 3872 506 3923 earmina
520 3872 614 3923 fidibus
627 3880 754 3924 cancrent
768 3873 793 3922 ei
805 3880 832 3923 et
844 3879 985 3937 creparent
1000 3886 1058 3922 cum
1070 3868 1178 3937 reliquo

82 3942 180 3993 civium
198 3951 341 3995 conventu.
361 3944 444 3994 maius
463 3951 550 3994 autem
570 3952 627 3995 erat
645 3952 672 3994 et
689 3957 812 3995 sermone
840 3944 911 3993 omni
929 3941 1010 3994 altius
1028 3940 1074 3994 vel
1092 3942 1178 4009 magis
1248 3998 1256 4007 .

81 4010 301 4079 inexspectatum,
316 4014 495 4081 quodTurcae
513 4014 624 4067 orientis
638 4016 723 4067 omnis
735 4014 832 4064 domini
847 4015 898 4064 iam
911 4012 974 4065 facti
992 4012 1177 4080 transfugien-

83 4082 151 4137 tibus
171 4087 203 4137 ad
223 4086 383 4137 botaniaten
401 4085 505 4137 civilius
524 4083 602 4137 simul
622 4093 648 4136 et
666 4083 794 4153 agricolis
812 4085 999 4152 impedimento
1017 4100 1072 4138 non
1090 4090 1176 4147 erant,

83 4155 128 4207 sed
143 4156 267 4211 nonnulli
286 4157 376 4211 divina
397 4157 424 4211 vi
444 4157 535 4212 hostes
554 4155 692 4223 latebant,
718 4156 810 4225 plnres
834 4164 921 4211 autern
942 4156 1094 4212 incidebant
1112 4154 1176 4224 qui.
1226 4188 1232 4197 ι
