<?xml version="1.0" encoding="UTF-8"?>
<!DOCTYPE html PUBLIC "-//W3C//DTD XHTML 1.0 Transitional//EN"
    "http://www.w3.org/TR/xhtml1/DTD/xhtml1-transitional.dtd">
<html xmlns="http://www.w3.org/1999/xhtml" xml:lang="en" lang="en">
 <head>
  <title>
</title>
<meta http-equiv="Content-Type" content="text/html;charset=utf-8" />
  <meta name='ocr-system' content='tesseract 3.04.00' />
  <meta name='ocr-capabilities' content='ocr_page ocr_carea ocr_par ocr_line ocrx_word'/>
</head>
<body>
  <div class='ocr_page' id='page_1' title='image "./corpusscriptoru24theogoog/corpusscriptoru24theogoog_0264.png"; bbox 0 0 2834 4750; ppageno 0'>
   <div class='ocr_carea' id='block_1_1' title="bbox 163 269 1095 374">
    <p class='ocr_par' dir='ltr' id='par_1_1' title="bbox 163 269 1095 374">
     <span class='ocr_line' id='line_1_1' title="bbox 163 269 1095 374; baseline -0.006 -8"><span class='ocrx_word' id='word_1_1' title='bbox 163 333 166 340; x_wconf 85' lang='lat'>·</span> <span class='ocrx_word' id='word_1_2' title='bbox 272 285 348 368; x_wconf 75' lang='lat' dir='ltr'><strong>ees</strong></span> <span class='ocrx_word' id='word_1_3' title='bbox 564 292 787 364; x_wconf 79' lang='lat' dir='ltr'><strong>menaeus</strong></span> <span class='ocrx_word' id='word_1_4' title='bbox 821 269 1095 374; x_wconf 77' lang='grc' dir='ltr'><strong><em>κπτττστττι,</em></strong></span> 
     </span>
    </p>
   </div>
   <div class='ocr_carea' id='block_1_2' title="bbox 219 436 1401 2354">
    <p class='ocr_par' dir='ltr' id='par_1_2' title="bbox 272 436 1387 844">
     <span class='ocr_line' id='line_1_2' title="bbox 273 436 1386 540; baseline -0.011 -17"><span class='ocrx_word' id='word_1_5' title='bbox 273 455 406 539; x_wconf 79' lang='grc' dir='ltr'><strong><em>ἔβαλλον</em></strong></span> <span class='ocrx_word' id='word_1_6' title='bbox 437 459 506 521; x_wconf 91' lang='grc' dir='ltr'><strong><em>κατ’</em></strong></span> <span class='ocrx_word' id='word_1_7' title='bbox 529 457 642 540; x_wconf 61' lang='lat' dir='ltr'><strong>arluco,</strong></span> <span class='ocrx_word' id='word_1_8' title='bbox 663 453 842 540; x_wconf 80' lang='grc' dir='ltr'><strong><em>προστάξας</em></strong></span> <span class='ocrx_word' id='word_1_9' title='bbox 869 452 966 529; x_wconf 85' lang='grc' dir='ltr'><strong><em>ου’τός</em></strong></span> <span class='ocrx_word' id='word_1_10' title='bbox 992 436 1146 539; x_wconf 75' lang='grc' dir='ltr'><strong><em>κεφαλάς</em></strong></span> <span class='ocrx_word' id='word_1_11' title='bbox 1162 453 1238 514; x_wconf 77' lang='grc' dir='ltr'><strong><em>τῶν</em></strong></span> <span class='ocrx_word' id='word_1_12' title='bbox 1258 473 1386 512; x_wconf 75' lang='grc' dir='ltr'><strong><em>κατατι-</em></strong></span> 
     </span>
     <span class='ocr_line' id='line_1_3' title="bbox 274 553 1386 640; baseline -0.006 -20"><span class='ocrx_word' id='word_1_13' title='bbox 274 559 392 621; x_wconf 80' lang='grc' dir='ltr'><strong><em>πίνταν</em></strong></span> <span class='ocrx_word' id='word_1_14' title='bbox 418 555 550 640; x_wconf 78' lang='grc' dir='ltr'><strong><em>ἔναγχος</em></strong></span> <span class='ocrx_word' id='word_1_15' title='bbox 573 557 850 622; x_wconf 63' lang='lat' dir='ltr'><strong>decantantem</strong></span> <span class='ocrx_word' id='word_1_16' title='bbox 871 554 905 618; x_wconf 77' lang='lat' dir='ltr'><strong>d</strong></span> <span class='ocrx_word' id='word_1_17' title='bbox 922 557 960 619; x_wconf 81' lang='grc' dir='ltr'><strong><em>δὲ</em></strong></span> <span class='ocrx_word' id='word_1_18' title='bbox 978 553 1101 629; x_wconf 76' lang='grc' dir='ltr'><strong><em>ταύτας</em></strong></span> <span class='ocrx_word' id='word_1_19' title='bbox 1123 553 1260 625; x_wconf 79' lang='grc' dir='ltr'><strong><em>ἰδόντες</em></strong></span> <span class='ocrx_word' id='word_1_20' title='bbox 1279 553 1386 636; x_wconf 69' lang='grc' dir='ltr'><strong><em>κοίτη·</em></strong></span> 
     </span>
     <span class='ocr_line' id='line_1_4' title="bbox 272 647 1387 746; baseline -0.006 -26"><span class='ocrx_word' id='word_1_21' title='bbox 272 653 444 746; x_wconf 78' lang='grc' dir='ltr'><strong><em>παραδόξῳ</em></strong></span> <span class='ocrx_word' id='word_1_22' title='bbox 469 662 778 742; x_wconf 73' lang='grc' dir='ltr'><strong><em>καταπεπληγμένοι,</em></strong></span> <span class='ocrx_word' id='word_1_23' title='bbox 802 647 894 721; x_wconf 86' lang='grc' dir='ltr'><strong><em>ἀλλοι</em></strong></span> <span class='ocrx_word' id='word_1_24' title='bbox 924 657 962 720; x_wconf 79' lang='grc' dir='ltr'><strong><em>δὲ</em></strong></span> <span class='ocrx_word' id='word_1_25' title='bbox 982 659 1039 721; x_wconf 87' lang='grc' dir='ltr'><strong><em>καί</em></strong></span> <span class='ocrx_word' id='word_1_26' title='bbox 1065 657 1297 738; x_wconf 67' lang='grc' dir='ltr'><strong><em>γνωρίσαντες</em></strong></span> <span class='ocrx_word' id='word_1_27' title='bbox 1317 675 1387 732; x_wconf 88' lang='grc' dir='ltr'><strong><em>σογ-</em></strong></span> 
     </span>
     <span class='ocr_line' id='line_1_5' title="bbox 272 750 1385 844; baseline -0.008 -22"><span class='ocrx_word' id='word_1_28' title='bbox 272 761 369 840; x_wconf 81' lang='grc' dir='ltr'><strong><em>γεναῑν</em></strong></span> <span class='ocrx_word' id='word_1_29' title='bbox 399 750 420 841; x_wconf 79' lang='grc' dir='ltr'><em>ἢ</em></span> <span class='ocrx_word' id='word_1_30' title='bbox 448 762 551 844; x_wconf 82' lang='grc' dir='ltr'><strong><em>φίλων</em></strong></span> <span class='ocrx_word' id='word_1_31' title='bbox 582 764 638 822; x_wconf 80' lang='grc' dir='ltr'><strong><em>κατ’</em></strong></span> <span class='ocrx_word' id='word_1_32' title='bbox 662 757 819 838; x_wconf 82' lang='grc' dir='ltr'><strong><em>ὁμογνίων</em></strong></span> <span class='ocrx_word' id='word_1_33' title='bbox 845 753 1016 840; x_wconf 71' lang='grc' dir='ltr'><strong><em>τυγχάνειν</em></strong></span> <span class='ocrx_word' id='word_1_34' title='bbox 1045 750 1260 837; x_wconf 80' lang='grc' dir='ltr'><strong><em>τά’κάρηνα,</em></strong></span> <span class='ocrx_word' id='word_1_35' title='bbox 1282 752 1385 814; x_wconf 61' lang='lat' dir='ltr'><strong>natm</strong></span> 
     </span>
    </p>

    <p class='ocr_par' dir='ltr' id='par_1_3' title="bbox 219 851 1400 1043">
     <span class='ocr_line' id='line_1_6' title="bbox 274 851 1400 941; baseline -0.007 -19"><span class='ocrx_word' id='word_1_36' title='bbox 274 855 380 934; x_wconf 76' lang='grc' dir='ltr'><strong><em>πάθος</em></strong></span> <span class='ocrx_word' id='word_1_37' title='bbox 399 857 444 941; x_wconf 76' lang='grc' dir='ltr'><strong><em>μη</em></strong></span> <span class='ocrx_word' id='word_1_38' title='bbox 467 861 662 941; x_wconf 77' lang='grc' dir='ltr'><strong><em>ἐνέγκαντες,</em></strong></span> <span class='ocrx_word' id='word_1_39' title='bbox 691 855 749 932; x_wconf 86' lang='grc' dir='ltr'><strong><em>τοὶς</em></strong></span> <span class='ocrx_word' id='word_1_40' title='bbox 770 860 884 941; x_wconf 84' lang='grc' dir='ltr'><strong><em>τρίχας</em></strong></span> <span class='ocrx_word' id='word_1_41' title='bbox 909 861 1092 922; x_wconf 84' lang='grc' dir='ltr'><strong><em>κατὲτιλλον</em></strong></span> <span class='ocrx_word' id='word_1_42' title='bbox 1120 856 1183 918; x_wconf 81' lang='grc' dir='ltr'><strong><em>κατ’</em></strong></span> <span class='ocrx_word' id='word_1_43' title='bbox 1204 853 1246 916; x_wconf 86' lang='grc' dir='ltr'><strong><em>τὸ</em></strong></span> <span class='ocrx_word' id='word_1_44' title='bbox 1269 851 1400 936; x_wconf 56' lang='lat' dir='ltr'><strong>&amp;odom</strong></span> 
     </span>
     <span class='ocr_line' id='line_1_7' title="bbox 219 947 661 1043; baseline 0 -21"><span class='ocrx_word' id='word_1_45' title='bbox 219 947 221 954; x_wconf 40' lang='lat'><em>&#39;</em></span> <span class='ocrx_word' id='word_1_46' title='bbox 273 959 319 1034; x_wconf 78' lang='grc' dir='ltr'><strong><em>εἰς</em></strong></span> <span class='ocrx_word' id='word_1_47' title='bbox 342 958 459 1043; x_wconf 75' lang='grc' dir='ltr'><strong><em>θρῆνον</em></strong></span> <span class='ocrx_word' id='word_1_48' title='bbox 480 963 661 1041; x_wconf 75' lang='grc' dir='ltr'><strong><em>μετέβαλον.</em></strong></span> 
     </span>
    </p>

    <p class='ocr_par' dir='ltr' id='par_1_4' title="bbox 270 1047 1401 2354">
     <span class='ocr_line' id='line_1_8' title="bbox 373 1047 1383 1144; baseline -0.004 -20"><span class='ocrx_word' id='word_1_49' title='bbox 373 1053 452 1125; x_wconf 82' lang='grc' dir='ltr'><strong><em>Εἶτα</em></strong></span> <span class='ocrx_word' id='word_1_50' title='bbox 473 1047 600 1132; x_wconf 76' lang='grc' dir='ltr'><strong><em>πολλοῖς</em></strong></span> <span class='ocrx_word' id='word_1_51' title='bbox 623 1049 874 1142; x_wconf 73' lang='grc' dir='ltr'><strong><em>’στρατηγήμασι</em></strong></span> <span class='ocrx_word' id='word_1_52' title='bbox 899 1061 956 1123; x_wconf 86' lang='grc' dir='ltr'><strong><em>καί</em></strong></span> <span class='ocrx_word' id='word_1_53' title='bbox 980 1061 1167 1144; x_wconf 82' lang='grc' dir='ltr'><strong><em>σοφίσμασι</em></strong></span> <span class='ocrx_word' id='word_1_54' title='bbox 1191 1058 1253 1120; x_wconf 83' lang='grc' dir='ltr'><strong><em>καί</em></strong></span> <span class='ocrx_word' id='word_1_55' title='bbox 1273 1058 1383 1140; x_wconf 72' lang='grc' dir='ltr'><strong><em>ταύτην</em></strong></span> 
     </span>
     <span class='ocr_line' id='line_1_9' title="bbox 272 1153 1381 1245; baseline -0.006 -19"><span class='ocrx_word' id='word_1_56' title='bbox 272 1159 329 1245; x_wconf 79' lang='grc' dir='ltr'><strong><em>τήν</em></strong></span> <span class='ocrx_word' id='word_1_57' title='bbox 350 1157 443 1224; x_wconf 85' lang='grc' dir='ltr'><strong><em>πόλιν</em></strong></span> <span class='ocrx_word' id='word_1_58' title='bbox 464 1159 750 1243; x_wconf 85' lang='grc' dir='ltr'><strong><em>παραστησάμενος</em></strong></span> <span class='ocrx_word' id='word_1_59' title='bbox 767 1157 785 1220; x_wconf 78' lang='grc' dir='ltr'><em>ὅ</em></span> <span class='ocrx_word' id='word_1_60' title='bbox 808 1161 942 1242; x_wconf 75' lang='grc' dir='ltr'><strong><em>Φωκίς,</em></strong></span> <span class='ocrx_word' id='word_1_61' title='bbox 964 1153 1050 1222; x_wconf 70' lang='grc' dir='ltr'><strong><em>οὕτω</em></strong></span> <span class='ocrx_word' id='word_1_62' title='bbox 1069 1163 1185 1222; x_wconf 81' lang='grc' dir='ltr'><strong><em>πᾶσαν</em></strong></span> <span class='ocrx_word' id='word_1_63' title='bbox 1209 1153 1276 1240; x_wconf 71' lang='grc' dir='ltr'><strong><em>τὴν</em></strong></span> <span class='ocrx_word' id='word_1_64' title='bbox 1297 1160 1381 1239; x_wconf 75' lang='grc' dir='ltr'><strong><em>νῆσοι</em></strong></span> 
     </span>
     <span class='ocr_line' id='line_1_10' title="bbox 272 1259 1380 1345; baseline -0.004 -21"><span class='ocrx_word' id='word_1_65' title='bbox 272 1263 411 1345; x_wconf 71' lang='grc' dir='ltr'><strong><em>ὑποτελῆ</em></strong></span> <span class='ocrx_word' id='word_1_66' title='bbox 431 1259 487 1326; x_wconf 78' lang='grc' dir='ltr'><strong><em>καί</em></strong></span> <span class='ocrx_word' id='word_1_67' title='bbox 507 1259 674 1344; x_wconf 60' lang='lat' dir='ltr'><strong>iniquom</strong></span> <span class='ocrx_word' id='word_1_68' title='bbox 686 1267 753 1335; x_wconf 81' lang='grc' dir='ltr'><strong><em>τοῖς</em></strong></span> <span class='ocrx_word' id='word_1_69' title='bbox 770 1259 946 1342; x_wconf 82' lang='grc' dir='ltr'><strong><em>Ῥωμαίοις</em></strong></span> <span class='ocrx_word' id='word_1_70' title='bbox 966 1260 1123 1343; x_wconf 78' lang='grc' dir='ltr'><strong><em>ἀπέδειξε,</em></strong></span> <span class='ocrx_word' id='word_1_71' title='bbox 1146 1261 1212 1322; x_wconf 82' lang='grc' dir='ltr'><strong><em>καί</em></strong></span> <span class='ocrx_word' id='word_1_72' title='bbox 1221 1261 1380 1341; x_wconf 86' lang='grc' dir='ltr'><strong><em>Χριστια-</em></strong></span> 
     </span>
     <span class='ocr_line' id='line_1_11' title="bbox 272 1354 1401 1446; baseline -0.008 -18"><span class='ocrx_word' id='word_1_73' title='bbox 272 1365 335 1428; x_wconf 76' lang='grc' dir='ltr'><strong><em>νῶν</em></strong></span> <span class='ocrx_word' id='word_1_74' title='bbox 366 1360 421 1426; x_wconf 83' lang='grc' dir='ltr'><strong><em>καί</em></strong></span> <span class='ocrx_word' id='word_1_75' title='bbox 448 1357 629 1446; x_wconf 74' lang='grc' dir='ltr'><strong><em>ὄρθοδόξων</em></strong></span> <span class='ocrx_word' id='word_1_76' title='bbox 660 1361 731 1424; x_wconf 78' lang='grc' dir='ltr'><strong><em>ἀντὶ</em></strong></span> <span class='ocrx_word' id='word_1_77' title='bbox 756 1363 952 1446; x_wconf 77' lang='grc' dir='ltr'><strong><em>Σαρακηνοῑν</em></strong></span> <span class='ocrx_word' id='word_1_78' title='bbox 983 1362 1154 1443; x_wconf 88' lang='grc' dir='ltr'><strong><em>πεπυιήκεν</em></strong></span> <span class='ocrx_word' id='word_1_79' title='bbox 1189 1354 1401 1442; x_wconf 75' lang='grc' dir='ltr'><strong><em>οἷκητὴριοτ.ς]</em></strong></span> 
     </span>
     <span class='ocr_line' id='line_1_12' title="bbox 273 1458 1375 1546; baseline -0.004 -20"><span class='ocrx_word' id='word_1_80' title='bbox 273 1463 329 1528; x_wconf 84' lang='grc' dir='ltr'><strong><em>καί</em></strong></span> <span class='ocrx_word' id='word_1_81' title='bbox 347 1465 403 1526; x_wconf 79' lang='grc' dir='ltr'><strong><em>νῦν</em></strong></span> <span class='ocrx_word' id='word_1_82' title='bbox 416 1460 534 1527; x_wconf 75' lang='grc' dir='ltr'><strong><em>ἔστιντί</em></strong></span> <span class='ocrx_word' id='word_1_83' title='bbox 555 1463 827 1538; x_wconf 73' lang='grc' dir='ltr'><strong><em>κατασκευασθεὶς</em></strong></span> <span class='ocrx_word' id='word_1_84' title='bbox 847 1467 926 1546; x_wconf 86' lang='grc' dir='ltr'><strong><em>παρ’</em></strong></span> <span class='ocrx_word' id='word_1_85' title='bbox 940 1458 1058 1526; x_wconf 76' lang='grc' dir='ltr'><strong><em>ἐκείνου</em></strong></span> <span class='ocrx_word' id='word_1_86' title='bbox 1073 1458 1281 1545; x_wconf 71' lang='grc' dir='ltr'><strong><em>περικαλλὴς</em></strong></span> <span class='ocrx_word' id='word_1_87' title='bbox 1303 1459 1375 1540; x_wconf 81' lang='grc' dir='ltr'><strong><em>ναός,</em></strong></span> 
     </span>
     <span class='ocr_line' id='line_1_13' title="bbox 272 1559 1375 1646; baseline -0.005 -16"><span class='ocrx_word' id='word_1_88' title='bbox 272 1568 328 1630; x_wconf 83' lang='grc' dir='ltr'><strong><em>κατ’</em></strong></span> <span class='ocrx_word' id='word_1_89' title='bbox 349 1565 398 1627; x_wconf 77' lang='grc' dir='ltr'><strong><em>ἐπ’</em></strong></span> <span class='ocrx_word' id='word_1_90' title='bbox 420 1559 554 1641; x_wconf 82' lang='grc' dir='ltr'><strong><em>ὀνόματι</em></strong></span> <span class='ocrx_word' id='word_1_91' title='bbox 575 1565 632 1644; x_wconf 77' lang='grc' dir='ltr'><strong><em>τῆς</em></strong></span> <span class='ocrx_word' id='word_1_92' title='bbox 653 1560 819 1625; x_wconf 62' lang='grc' dir='ltr'><strong><em>θεοτόκυυ*</em></strong></span> <span class='ocrx_word' id='word_1_93' title='bbox 840 1560 1019 1644; x_wconf 78' lang='grc' dir='ltr'><strong><em>τιμώμενος</em></strong></span> <span class='ocrx_word' id='word_1_94' title='bbox 1043 1561 1099 1625; x_wconf 85' lang='grc' dir='ltr'><strong><em>καί</em></strong></span> <span class='ocrx_word' id='word_1_95' title='bbox 1120 1563 1182 1624; x_wconf 73' lang='grc' dir='ltr'><strong><em>τοῦ</em></strong></span> <span class='ocrx_word' id='word_1_96' title='bbox 1203 1564 1375 1646; x_wconf 76' lang='grc' dir='ltr'><strong><em>μαγιλττροτ</em></strong></span> 
     </span>
     <span class='ocr_line' id='line_1_14' title="bbox 272 1655 1377 1751; baseline 0.001 -25"><span class='ocrx_word' id='word_1_97' title='bbox 272 1659 446 1744; x_wconf 84' lang='grc' dir='ltr'><strong><em>λεγόμενος,</em></strong></span> <span class='ocrx_word' id='word_1_98' title='bbox 462 1658 518 1723; x_wconf 74' lang='grc' dir='ltr'><strong><em>κατ’</em></strong></span> <span class='ocrx_word' id='word_1_99' title='bbox 530 1655 655 1736; x_wconf 79' lang='grc' dir='ltr'><strong><em>ου’τὸςὸ</em></strong></span> <span class='ocrx_word' id='word_1_100' title='bbox 672 1663 786 1736; x_wconf 79' lang='grc' dir='ltr'><strong><em>Φακᾶς</em></strong></span> <span class='ocrx_word' id='word_1_101' title='bbox 802 1661 1059 1746; x_wconf 84' lang='grc' dir='ltr'><strong><em>ἀνεστηλοομὲνος</em></strong></span> <span class='ocrx_word' id='word_1_102' title='bbox 1073 1664 1108 1726; x_wconf 74' lang='grc' dir='ltr'><strong><em>ἐν</em></strong></span> <span class='ocrx_word' id='word_1_103' title='bbox 1126 1657 1235 1751; x_wconf 65' lang='grc' dir='ltr'><strong><em>ταύτην</em></strong></span> <span class='ocrx_word' id='word_1_104' title='bbox 1261 1663 1377 1746; x_wconf 71' lang='grc' dir='ltr'><strong><em>νικητης</em></strong></span> 
     </span>
     <span class='ocr_line' id='line_1_15' title="bbox 272 1759 1401 1847; baseline -0.006 -19"><span class='ocrx_word' id='word_1_105' title='bbox 272 1766 328 1828; x_wconf 90' lang='grc' dir='ltr'><strong><em>καί</em></strong></span> <span class='ocrx_word' id='word_1_106' title='bbox 354 1762 589 1843; x_wconf 82' lang='grc' dir='ltr'><strong><em>τροπαιοῦχος,</em></strong></span> <span class='ocrx_word' id='word_1_107' title='bbox 621 1763 736 1844; x_wconf 78' lang='grc' dir='ltr'><strong><em>δεῖγμα</em></strong></span> <span class='ocrx_word' id='word_1_108' title='bbox 766 1765 824 1846; x_wconf 89' lang='grc' dir='ltr'><strong><em>τη”ς</em></strong></span> <span class='ocrx_word' id='word_1_109' title='bbox 845 1762 977 1847; x_wconf 82' lang='grc' dir='ltr'><strong><em>ἀνδρίας</em></strong></span> <span class='ocrx_word' id='word_1_110' title='bbox 1009 1759 1111 1827; x_wconf 70' lang='lat' dir='ltr'><strong>adreci</strong></span> <span class='ocrx_word' id='word_1_111' title='bbox 1134 1762 1195 1827; x_wconf 80' lang='grc' dir='ltr'><strong><em>καί</em></strong></span> <span class='ocrx_word' id='word_1_112' title='bbox 1214 1765 1401 1844; x_wconf 62' lang='grc' dir='ltr'><strong><em>εάσεβαῖις.</em></strong></span> 
     </span>
     <span class='ocr_line' id='line_1_16' title="bbox 271 1857 1400 1949; baseline -0.001 -20"><span class='ocrx_word' id='word_1_113' title='bbox 271 1865 327 1949; x_wconf 82' lang='grc' dir='ltr'><strong><em>τῆς</em></strong></span> <span class='ocrx_word' id='word_1_114' title='bbox 346 1859 537 1947; x_wconf 75' lang='grc' dir='ltr'><strong><em>τηλικαύτης</em></strong></span> <span class='ocrx_word' id='word_1_115' title='bbox 567 1862 663 1944; x_wconf 83' lang='grc' dir='ltr'><strong><em>κη’σου</em></strong></span> <span class='ocrx_word' id='word_1_116' title='bbox 692 1864 856 1944; x_wconf 80' lang='grc' dir='ltr'><strong><em>παριστῶν</em></strong></span> <span class='ocrx_word' id='word_1_117' title='bbox 884 1864 942 1947; x_wconf 76' lang='grc' dir='ltr'><strong><em>την</em></strong></span> <span class='ocrx_word' id='word_1_118' title='bbox 972 1861 1176 1946; x_wconf 84' lang='grc' dir='ltr'><strong><em>κατάκτησιν.</em></strong></span> <span class='ocrx_word' id='word_1_119' title='bbox 1224 1866 1288 1927; x_wconf 85' lang='grc' dir='ltr'><strong><em>καί</em></strong></span> <span class='ocrx_word' id='word_1_120' title='bbox 1305 1857 1400 1928; x_wconf 66' lang='grc' dir='ltr'><strong><em>εἴδοντ’</em></strong></span> 
     </span>
     <span class='ocr_line' id='line_1_17' title="bbox 270 1959 1376 2050; baseline -0.002 -22"><span class='ocrx_word' id='word_1_121' title='bbox 270 1966 379 2029; x_wconf 75' lang='grc' dir='ltr'><strong><em>τοῦτον</em></strong></span> <span class='ocrx_word' id='word_1_122' title='bbox 400 1961 461 2045; x_wconf 79' lang='grc' dir='ltr'><strong><em>ἐγώ</em></strong></span> <span class='ocrx_word' id='word_1_123' title='bbox 483 1964 524 2049; x_wconf 80' lang='grc' dir='ltr'><strong><em>τῇ</em></strong></span> <span class='ocrx_word' id='word_1_124' title='bbox 537 1959 620 2050; x_wconf 80' lang='grc' dir='ltr'><strong><em>νήσῳ</em></strong></span> <span class='ocrx_word' id='word_1_125' title='bbox 641 1959 899 2048; x_wconf 75' lang='grc' dir='ltr'><strong><em>ἐπιδεδημηκώς·</em></strong></span> <span class='ocrx_word' id='word_1_126' title='bbox 924 1962 979 2028; x_wconf 79' lang='grc' dir='ltr'><strong><em>καί</em></strong></span> <span class='ocrx_word' id='word_1_127' title='bbox 997 1960 1083 2028; x_wconf 81' lang='grc' dir='ltr'><strong><em>ἔστιν</em></strong></span> <span class='ocrx_word' id='word_1_128' title='bbox 1103 1963 1260 2050; x_wconf 75' lang='grc' dir='ltr'><strong><em>ἐμφερὴς</em></strong></span> <span class='ocrx_word' id='word_1_129' title='bbox 1284 1963 1376 2049; x_wconf 66' lang='grc' dir='ltr'><strong><em>πάντη</em></strong></span> 
     </span>
     <span class='ocr_line' id='line_1_18' title="bbox 272 2062 1375 2151; baseline -0.001 -24"><span class='ocrx_word' id='word_1_130' title='bbox 272 2066 317 2149; x_wconf 75' lang='grc' dir='ltr'><strong><em>τῷ</em></strong></span> <span class='ocrx_word' id='word_1_131' title='bbox 339 2065 652 2147; x_wconf 75' lang='grc' dir='ltr'><strong><em>προμνημονευθὲντι</em></strong></span> <span class='ocrx_word' id='word_1_132' title='bbox 665 2065 798 2143; x_wconf 76' lang='grc' dir='ltr'><strong><em>βασιλεῖ’</em></strong></span> <span class='ocrx_word' id='word_1_133' title='bbox 805 2069 905 2151; x_wconf 76' lang='grc' dir='ltr'><strong><em>κυρίῳ</em></strong></span> <span class='ocrx_word' id='word_1_134' title='bbox 922 2062 1096 2151; x_wconf 82' lang='grc' dir='ltr'><strong><em>Νικηφόρτρ</em></strong></span> <span class='ocrx_word' id='word_1_135' title='bbox 1109 2066 1153 2151; x_wconf 75' lang='grc' dir='ltr'><strong><em>τῷ</em></strong></span> <span class='ocrx_word' id='word_1_136' title='bbox 1164 2063 1375 2150; x_wconf 73' lang='grc' dir='ltr'><strong><em>Βοτανειιίτη,</em></strong></span> 
     </span>
     <span class='ocr_line' id='line_1_19' title="bbox 271 2159 1376 2246; baseline 0.002 -22"><span class='ocrx_word' id='word_1_137' title='bbox 271 2164 405 2235; x_wconf 83' lang='grc' dir='ltr'><strong><em>πίστεως</em></strong></span> <span class='ocrx_word' id='word_1_138' title='bbox 427 2161 581 2245; x_wconf 77' lang='grc' dir='ltr'><strong><em>ἀκριβοῦς</em></strong></span> <span class='ocrx_word' id='word_1_139' title='bbox 603 2159 765 2243; x_wconf 77' lang='grc' dir='ltr'><strong><em>σύμβολον</em></strong></span> <span class='ocrx_word' id='word_1_140' title='bbox 785 2167 846 2227; x_wconf 79' lang='grc' dir='ltr'><strong><em>τοῦ</em></strong></span> <span class='ocrx_word' id='word_1_141' title='bbox 872 2160 953 2230; x_wconf 80' lang='grc' dir='ltr'><strong><em>εἶναι</em></strong></span> <span class='ocrx_word' id='word_1_142' title='bbox 978 2167 1089 2228; x_wconf 82' lang='grc' dir='ltr'><strong><em>τοῦτον</em></strong></span> <span class='ocrx_word' id='word_1_143' title='bbox 1108 2166 1237 2227; x_wconf 74' lang='grc' dir='ltr'><strong><em>ἐκείνου</em></strong></span> <span class='ocrx_word' id='word_1_144' title='bbox 1266 2164 1376 2246; x_wconf 81' lang='grc' dir='ltr'><strong><em>ἀπόγο-</em></strong></span> 
     </span>
     <span class='ocr_line' id='line_1_20' title="bbox 272 2259 1377 2354; baseline 0.002 -30"><span class='ocrx_word' id='word_1_145' title='bbox 272 2282 336 2325; x_wconf 90' lang='grc' dir='ltr'><strong><em>νον.</em></strong></span> <span class='ocrx_word' id='word_1_146' title='bbox 379 2261 410 2323; x_wconf 80' lang='grc' dir='ltr'><strong><em>εἰ</em></strong></span> <span class='ocrx_word' id='word_1_147' title='bbox 429 2262 464 2325; x_wconf 81' lang='grc' dir='ltr'><strong><em>δὲ</em></strong></span> <span class='ocrx_word' id='word_1_148' title='bbox 486 2259 531 2344; x_wconf 75' lang='grc' dir='ltr'><strong><em>μῆ</em></strong></span> <span class='ocrx_word' id='word_1_149' title='bbox 553 2260 607 2326; x_wconf 74' lang='lat' dir='ltr'><strong>deci</strong></span> <span class='ocrx_word' id='word_1_150' title='bbox 628 2261 686 2345; x_wconf 76' lang='grc' dir='ltr'><strong><em>τήν</em></strong></span> <span class='ocrx_word' id='word_1_151' title='bbox 706 2263 871 2345; x_wconf 75' lang='grc' dir='ltr'><strong><em>εὐσέβειαν</em></strong></span> <span class='ocrx_word' id='word_1_152' title='bbox 889 2267 994 2354; x_wconf 66' lang='lat' dir='ltr'><strong>adreci</strong></span> <span class='ocrx_word' id='word_1_153' title='bbox 1012 2264 1067 2329; x_wconf 78' lang='grc' dir='ltr'><strong><em>κατ’</em></strong></span> <span class='ocrx_word' id='word_1_154' title='bbox 1084 2261 1270 2346; x_wconf 74' lang='grc' dir='ltr'><strong><em>εὐλάβειαν</em></strong></span> <span class='ocrx_word' id='word_1_155' title='bbox 1290 2267 1377 2347; x_wconf 79' lang='grc' dir='ltr'><strong><em>συνῆν</em></strong></span> 
     </span>
    </p>
   </div>
   <div class='ocr_carea' id='block_1_3' title="bbox 271 2355 1401 2752">
    <p class='ocr_par' dir='ltr' id='par_1_5' title="bbox 271 2355 1401 2752">
     <span class='ocr_line' id='line_1_21' title="bbox 273 2355 1401 2450; baseline 0.002 -21"><span class='ocrx_word' id='word_1_156' title='bbox 273 2355 361 2448; x_wconf 77' lang='grc' dir='ltr'><strong><em>αάτῷ</em></strong></span> <span class='ocrx_word' id='word_1_157' title='bbox 381 2361 401 2444; x_wconf 81' lang='grc' dir='ltr'><em>ἦ</em></span> <span class='ocrx_word' id='word_1_158' title='bbox 423 2364 499 2426; x_wconf 73' lang='grc' dir='ltr'><strong><em>θεία</em></strong></span> <span class='ocrx_word' id='word_1_159' title='bbox 530 2363 716 2449; x_wconf 80' lang='grc' dir='ltr'><strong><em>ἀντίληψις,</em></strong></span> <span class='ocrx_word' id='word_1_160' title='bbox 740 2361 867 2441; x_wconf 78' lang='grc' dir='ltr'><strong><em>πάντας</em></strong></span> <span class='ocrx_word' id='word_1_161' title='bbox 900 2359 1019 2450; x_wconf 84' lang='grc' dir='ltr'><strong><em>ἀπσρας</em></strong></span> <span class='ocrx_word' id='word_1_162' title='bbox 1051 2359 1091 2431; x_wconf 85' lang='grc' dir='ltr'><strong><em>ἀν</em></strong></span> <span class='ocrx_word' id='word_1_163' title='bbox 1121 2362 1268 2449; x_wconf 73' lang='grc' dir='ltr'><strong><em>ἐγεγόνει</em></strong></span> <span class='ocrx_word' id='word_1_164' title='bbox 1290 2369 1345 2430; x_wconf 85' lang='grc' dir='ltr'><strong><em>καί</em></strong></span> <span class='ocrx_word' id='word_1_165' title='bbox 1361 2363 1401 2447; x_wconf 69' lang='grc' dir='ltr'><strong><em>ἦςτ</em></strong></span> 
     </span>
     <span class='ocr_line' id='line_1_22' title="bbox 274 2459 1377 2550; baseline 0.005 -24"><span class='ocrx_word' id='word_1_166' title='bbox 274 2460 356 2545; x_wconf 83' lang='grc' dir='ltr'><strong><em>πρὸς</em></strong></span> <span class='ocrx_word' id='word_1_167' title='bbox 375 2459 434 2547; x_wconf 75' lang='grc' dir='ltr'><strong><em>τὴν</em></strong></span> <span class='ocrx_word' id='word_1_168' title='bbox 458 2464 588 2550; x_wconf 84' lang='grc' dir='ltr'><strong><em>Κρήτην</em></strong></span> <span class='ocrx_word' id='word_1_169' title='bbox 611 2461 687 2539; x_wconf 78' lang='grc' dir='ltr'><strong><em>ὄδὸς</em></strong></span> <span class='ocrx_word' id='word_1_170' title='bbox 709 2463 762 2529; x_wconf 77' lang='grc' dir='ltr'><strong><em>κατ’</em></strong></span> <span class='ocrx_word' id='word_1_171' title='bbox 792 2464 897 2548; x_wconf 74' lang='grc' dir='ltr'><strong><em>ἡτῶν</em></strong></span> <span class='ocrx_word' id='word_1_172' title='bbox 917 2471 1179 2549; x_wconf 76' lang='grc' dir='ltr'><strong><em>βεβουλευμένων</em></strong></span> <span class='ocrx_word' id='word_1_173' title='bbox 1202 2476 1275 2544; x_wconf 57' lang='grc' dir='ltr'><strong><em>τοᾷ</em></strong></span> <span class='ocrx_word' id='word_1_174' title='bbox 1296 2472 1377 2533; x_wconf 63' lang='lat' dir='ltr'><strong><em>dra»</em></strong></span> 
     </span>
     <span class='ocr_line' id='line_1_23' title="bbox 273 2554 1378 2653; baseline 0.003 -28"><span class='ocrx_word' id='word_1_175' title='bbox 273 2566 354 2637; x_wconf 88' lang='grc' dir='ltr'><strong><em>τιάις</em></strong></span> <span class='ocrx_word' id='word_1_176' title='bbox 377 2568 568 2649; x_wconf 75' lang='grc' dir='ltr'><strong><em>φανέρωσις,</em></strong></span> <span class='ocrx_word' id='word_1_177' title='bbox 602 2565 656 2627; x_wconf 82' lang='grc' dir='ltr'><strong><em>κατ’</em></strong></span> <span class='ocrx_word' id='word_1_178' title='bbox 678 2554 699 2647; x_wconf 80' lang='grc' dir='ltr'><em>ἢ</em></span> <span class='ocrx_word' id='word_1_179' title='bbox 721 2556 880 2651; x_wconf 74' lang='grc' dir='ltr'><strong><em>ἄπρακτος</em></strong></span> <span class='ocrx_word' id='word_1_180' title='bbox 900 2564 1117 2652; x_wconf 76' lang='grc' dir='ltr'><strong><em>ἀπεχώρησεν,</em></strong></span> <span class='ocrx_word' id='word_1_181' title='bbox 1138 2557 1159 2650; x_wconf 79' lang='grc' dir='ltr'><em>ἢ</em></span> <span class='ocrx_word' id='word_1_182' title='bbox 1181 2568 1378 2653; x_wconf 79' lang='grc' dir='ltr'><strong><em>κατόβριομτ</em></strong></span> 
     </span>
     <span class='ocr_line' id='line_1_24' title="bbox 271 2660 1378 2752; baseline 0.007 -29"><span class='ocrx_word' id='word_1_183' title='bbox 271 2668 338 2735; x_wconf 78' lang='grc' dir='ltr'><strong><em>τοῖς</em></strong></span> <span class='ocrx_word' id='word_1_184' title='bbox 359 2665 520 2744; x_wconf 90' lang='grc' dir='ltr'><strong><em>πολεμιόις</em></strong></span> <span class='ocrx_word' id='word_1_185' title='bbox 546 2660 679 2747; x_wconf 76' lang='grc' dir='ltr'><strong><em>ἒγεγόνει</em></strong></span> <span class='ocrx_word' id='word_1_186' title='bbox 712 2666 768 2729; x_wconf 83' lang='grc' dir='ltr'><strong><em>καί</em></strong></span> <span class='ocrx_word' id='word_1_187' title='bbox 787 2666 1019 2751; x_wconf 88' lang='grc' dir='ltr'><strong><em>καταπάτημα·</em></strong></span> <span class='ocrx_word' id='word_1_188' title='bbox 1048 2664 1154 2750; x_wconf 69' lang='grc' dir='ltr'><strong><em>χέχαιν</em></strong></span> <span class='ocrx_word' id='word_1_189' title='bbox 1174 2668 1217 2731; x_wconf 76' lang='grc' dir='ltr'><strong><em>δὲ</em></strong></span> <span class='ocrx_word' id='word_1_190' title='bbox 1238 2669 1287 2731; x_wconf 75' lang='grc' dir='ltr'><strong><em>δι’</em></strong></span> <span class='ocrx_word' id='word_1_191' title='bbox 1308 2670 1378 2752; x_wconf 75' lang='grc' dir='ltr'><strong><em>α’ρε·</em></strong></span> 
     </span>
    </p>
   </div>
   <div class='ocr_carea' id='block_1_4' title="bbox 272 2952 1373 3293">
    <p class='ocr_par' dir='ltr' id='par_1_6' title="bbox 272 2952 1373 3293">
     <span class='ocr_line' id='line_1_25' title="bbox 274 2952 1373 3024; baseline -0.001 -16"><span class='ocrx_word' id='word_1_192' title='bbox 274 2952 378 3008; x_wconf 82' lang='lat' dir='ltr'><strong>stabant</strong></span> <span class='ocrx_word' id='word_1_193' title='bbox 397 2962 516 3019; x_wconf 78' lang='lat' dir='ltr'><strong><em>arceret,</em></strong></span> <span class='ocrx_word' id='word_1_194' title='bbox 537 2960 564 3005; x_wconf 89' lang='lat' dir='ltr'><strong>et</strong></span> <span class='ocrx_word' id='word_1_195' title='bbox 582 2952 625 3005; x_wconf 89' lang='lat' dir='ltr'><strong>illi</strong></span> <span class='ocrx_word' id='word_1_196' title='bbox 644 2953 748 3022; x_wconf 85' lang='lat' dir='ltr'><strong>lapides</strong></span> <span class='ocrx_word' id='word_1_197' title='bbox 766 2954 886 3006; x_wconf 87' lang='lat' dir='ltr'><strong>iacerent</strong></span> <span class='ocrx_word' id='word_1_198' title='bbox 912 2963 1003 3008; x_wconf 88' lang='lat' dir='ltr'><strong>contra</strong></span> <span class='ocrx_word' id='word_1_199' title='bbox 1022 2969 1098 3020; x_wconf 74' lang='lat' dir='ltr'><strong>erun,</strong></span> <span class='ocrx_word' id='word_1_200' title='bbox 1118 2956 1177 3020; x_wconf 78' lang='lat' dir='ltr'><strong>ipse</strong></span> <span class='ocrx_word' id='word_1_201' title='bbox 1196 2956 1278 3009; x_wconf 83' lang='lat' dir='ltr'><strong>iussu</strong></span> <span class='ocrx_word' id='word_1_202' title='bbox 1297 2960 1373 3024; x_wconf 82' lang='lat' dir='ltr'><strong>capita</strong></span> 
     </span>
     <span class='ocr_line' id='line_1_26' title="bbox 272 3025 1372 3092; baseline -0.001 -13"><span class='ocrx_word' id='word_1_203' title='bbox 272 3041 360 3092; x_wconf 84' lang='lat' dir='ltr'><strong>nuper</strong></span> <span class='ocrx_word' id='word_1_204' title='bbox 379 3026 529 3077; x_wconf 89' lang='lat' dir='ltr'><strong>occisorum</strong></span> <span class='ocrx_word' id='word_1_205' title='bbox 556 3025 685 3079; x_wconf 80' lang='lat' dir='ltr'><strong>adversus</strong></span> <span class='ocrx_word' id='word_1_206' title='bbox 706 3040 753 3077; x_wconf 83' lang='lat' dir='ltr'><strong>coe</strong></span> <span class='ocrx_word' id='word_1_207' title='bbox 772 3026 863 3077; x_wconf 82' lang='lat' dir='ltr'><strong>misit·</strong></span> <span class='ocrx_word' id='word_1_208' title='bbox 898 3025 939 3077; x_wconf 93' lang='lat' dir='ltr'><strong>illi</strong></span> <span class='ocrx_word' id='word_1_209' title='bbox 957 3034 1045 3077; x_wconf 88' lang='lat' dir='ltr'><strong>autem</strong></span> <span class='ocrx_word' id='word_1_210' title='bbox 1068 3025 1137 3077; x_wconf 86' lang='lat' dir='ltr'><strong>haec</strong></span> <span class='ocrx_word' id='word_1_211' title='bbox 1154 3027 1287 3079; x_wconf 79' lang='lat' dir='ltr'><strong>ridentes</strong></span> <span class='ocrx_word' id='word_1_212' title='bbox 1306 3038 1333 3081; x_wconf 86' lang='lat' dir='ltr'><strong>et</strong></span> <span class='ocrx_word' id='word_1_213' title='bbox 1350 3045 1372 3079; x_wconf 93' lang='grc' dir='ltr'><strong><em>τι</em></strong></span> 
     </span>
     <span class='ocr_line' id='line_1_27' title="bbox 272 3096 1370 3166; baseline 0.003 -18"><span class='ocrx_word' id='word_1_214' title='bbox 272 3098 457 3166; x_wconf 81' lang='lat' dir='ltr'><strong>inexspectata</strong></span> <span class='ocrx_word' id='word_1_215' title='bbox 478 3097 636 3164; x_wconf 75' lang='lat' dir='ltr'><strong>stupefacti,</strong></span> <span class='ocrx_word' id='word_1_216' title='bbox 662 3096 709 3148; x_wconf 90' lang='lat' dir='ltr'><strong>alii</strong></span> <span class='ocrx_word' id='word_1_217' title='bbox 725 3097 804 3148; x_wconf 87' lang='lat' dir='ltr'><strong>etiam</strong></span> <span class='ocrx_word' id='word_1_218' title='bbox 823 3106 1000 3164; x_wconf 74' lang='lat' dir='ltr'><strong>agnoscentes</strong></span> <span class='ocrx_word' id='word_1_219' title='bbox 1028 3096 1149 3148; x_wconf 82' lang='lat' dir='ltr'><strong>affinium</strong></span> <span class='ocrx_word' id='word_1_220' title='bbox 1166 3106 1217 3149; x_wconf 86' lang='lat' dir='ltr'><strong>aut</strong></span> <span class='ocrx_word' id='word_1_221' title='bbox 1233 3101 1370 3151; x_wconf 79' lang='lat' dir='ltr'><strong>amicorum</strong></span> 
     </span>
     <span class='ocr_line' id='line_1_28' title="bbox 273 3167 1371 3236; baseline 0 -16"><span class='ocrx_word' id='word_1_222' title='bbox 273 3177 319 3221; x_wconf 86' lang='lat' dir='ltr'><strong>aut</strong></span> <span class='ocrx_word' id='word_1_223' title='bbox 348 3177 521 3236; x_wconf 84' lang='lat' dir='ltr'><strong>cognatorum</strong></span> <span class='ocrx_word' id='word_1_224' title='bbox 554 3169 641 3235; x_wconf 87' lang='lat' dir='ltr'><strong>capita</strong></span> <span class='ocrx_word' id='word_1_225' title='bbox 670 3183 760 3235; x_wconf 91' lang='lat' dir='ltr'><strong>neque</strong></span> <span class='ocrx_word' id='word_1_226' title='bbox 777 3167 898 3219; x_wconf 88' lang='lat' dir='ltr'><strong>dolorem</strong></span> <span class='ocrx_word' id='word_1_227' title='bbox 922 3169 1040 3220; x_wconf 78' lang='lat' dir='ltr'><strong>ferentes</strong></span> <span class='ocrx_word' id='word_1_228' title='bbox 1064 3170 1153 3220; x_wconf 87' lang='lat' dir='ltr'><strong>crines</strong></span> <span class='ocrx_word' id='word_1_229' title='bbox 1173 3169 1334 3224; x_wconf 68' lang='lat' dir='ltr'><strong>evellebant</strong></span> <span class='ocrx_word' id='word_1_230' title='bbox 1349 3179 1371 3220; x_wconf 84' lang='lat' dir='ltr'><strong>et</strong></span> 
     </span>
     <span class='ocr_line' id='line_1_29' title="bbox 273 3238 844 3293; baseline -0.002 -2"><span class='ocrx_word' id='word_1_231' title='bbox 273 3239 408 3293; x_wconf 79' lang='lat' dir='ltr'><strong>audaciam</strong></span> <span class='ocrx_word' id='word_1_232' title='bbox 425 3242 453 3291; x_wconf 93' lang='lat' dir='ltr'><strong>iu</strong></span> <span class='ocrx_word' id='word_1_233' title='bbox 473 3240 675 3292; x_wconf 82' lang='lat' dir='ltr'><strong>lamentationes</strong></span> <span class='ocrx_word' id='word_1_234' title='bbox 694 3238 844 3291; x_wconf 86' lang='lat' dir='ltr'><strong>vertebant.</strong></span> 
     </span>
    </p>
   </div>
   <div class='ocr_carea' id='block_1_5' title="bbox 268 3322 1366 4043">
    <p class='ocr_par' dir='ltr' id='par_1_7' title="bbox 268 3322 1366 4043">
     <span class='ocr_line' id='line_1_30' title="bbox 371 3322 1366 3405; baseline 0 -16"><span class='ocrx_word' id='word_1_235' title='bbox 371 3338 474 3389; x_wconf 85' lang='lat' dir='ltr'><strong>Deinde</strong></span> <span class='ocrx_word' id='word_1_236' title='bbox 489 3336 579 3387; x_wconf 86' lang='lat' dir='ltr'><strong>multis</strong></span> <span class='ocrx_word' id='word_1_237' title='bbox 598 3336 668 3388; x_wconf 88' lang='lat' dir='ltr'><strong>dolis</strong></span> <span class='ocrx_word' id='word_1_238' title='bbox 687 3322 850 3388; x_wconf 79' lang='lat' dir='ltr'><strong>et&#39;artificiis</strong></span> <span class='ocrx_word' id='word_1_239' title='bbox 868 3345 1008 3405; x_wconf 83' lang='lat' dir='ltr'><strong>postquam</strong></span> <span class='ocrx_word' id='word_1_240' title='bbox 1019 3336 1088 3388; x_wconf 80' lang='lat' dir='ltr'><strong>lianc</strong></span> <span class='ocrx_word' id='word_1_241' title='bbox 1106 3351 1218 3404; x_wconf 90' lang='lat' dir='ltr'><strong>quoque</strong></span> <span class='ocrx_word' id='word_1_242' title='bbox 1238 3338 1329 3389; x_wconf 88' lang='lat' dir='ltr'><strong>urbem</strong></span> <span class='ocrx_word' id='word_1_243' title='bbox 1344 3340 1366 3389; x_wconf 87' lang='lat' dir='ltr'><strong>iu</strong></span> 
     </span>
     <span class='ocr_line' id='line_1_31' title="bbox 272 3406 1364 3476; baseline 0.003 -19"><span class='ocrx_word' id='word_1_244' title='bbox 272 3415 432 3476; x_wconf 78' lang='lat' dir='ltr'><strong>pqtestatem</strong></span> <span class='ocrx_word' id='word_1_245' title='bbox 450 3423 522 3459; x_wconf 85' lang='lat' dir='ltr'><strong>suam</strong></span> <span class='ocrx_word' id='word_1_246' title='bbox 544 3408 650 3476; x_wconf 83' lang='lat' dir='ltr'><strong>redegit</strong></span> <span class='ocrx_word' id='word_1_247' title='bbox 667 3406 771 3459; x_wconf 81' lang='lat' dir='ltr'><strong>Phocus</strong></span> <span class='ocrx_word' id='word_1_248' title='bbox 790 3409 830 3458; x_wconf 84' lang='lat' dir='ltr'><strong><em>sic</em></strong></span> <span class='ocrx_word' id='word_1_249' title='bbox 846 3415 929 3458; x_wconf 86' lang='lat' dir='ltr'><strong>totam</strong></span> <span class='ocrx_word' id='word_1_250' title='bbox 947 3407 1062 3459; x_wconf 86' lang='lat' dir='ltr'><strong>insulam</strong></span> <span class='ocrx_word' id='word_1_251' title='bbox 1078 3407 1246 3475; x_wconf 79' lang='lat' dir='ltr'><strong>vectigalem</strong></span> <span class='ocrx_word' id='word_1_252' title='bbox 1267 3418 1295 3460; x_wconf 88' lang='lat' dir='ltr'><strong><em>ct</em></strong></span> <span class='ocrx_word' id='word_1_253' title='bbox 1310 3409 1364 3459; x_wconf 78' lang='lat' dir='ltr'><strong>sult-</strong></span> 
     </span>
     <span class='ocr_line' id='line_1_32' title="bbox 268 3476 1362 3547; baseline 0 -18"><span class='ocrx_word' id='word_1_254' title='bbox 268 3481 370 3531; x_wconf 85' lang='lat' dir='ltr'><strong>iectam</strong></span> <span class='ocrx_word' id='word_1_255' title='bbox 388 3479 514 3531; x_wconf 84' lang='lat' dir='ltr'><strong>Romanis</strong></span> <span class='ocrx_word' id='word_1_256' title='bbox 545 3479 672 3543; x_wconf 77' lang='lat' dir='ltr'><strong>reddidit,</strong></span> <span class='ocrx_word' id='word_1_257' title='bbox 700 3486 727 3529; x_wconf 90' lang='lat' dir='ltr'><strong><em>ct</em></strong></span> <span class='ocrx_word' id='word_1_258' title='bbox 745 3477 954 3531; x_wconf 84' lang='lat' dir='ltr'><strong>Christianorum</strong></span> <span class='ocrx_word' id='word_1_259' title='bbox 982 3487 1061 3547; x_wconf 84' lang='lat' dir='ltr'><strong>atque</strong></span> <span class='ocrx_word' id='word_1_260' title='bbox 1086 3476 1299 3530; x_wconf 88' lang='lat' dir='ltr'><strong>orthodoxorum</strong></span> <span class='ocrx_word' id='word_1_261' title='bbox 1323 3494 1362 3545; x_wconf 80' lang='lat' dir='ltr'><strong><em>pro</em></strong></span> 
     </span>
     <span class='ocr_line' id='line_1_33' title="bbox 273 3549 1362 3617; baseline -0.004 -13"><span class='ocrx_word' id='word_1_262' title='bbox 273 3550 413 3604; x_wconf 78' lang='lat' dir='ltr'><strong>Saracenis</strong></span> <span class='ocrx_word' id='word_1_263' title='bbox 445 3550 510 3601; x_wconf 86' lang='lat' dir='ltr'><strong>lecit</strong></span> <span class='ocrx_word' id='word_1_264' title='bbox 536 3549 716 3611; x_wconf 88' lang='lat' dir='ltr'><strong>domicilium,</strong></span> <span class='ocrx_word' id='word_1_265' title='bbox 735 3556 816 3616; x_wconf 86' lang='lat' dir='ltr'><strong>atque</strong></span> <span class='ocrx_word' id='word_1_266' title='bbox 834 3565 906 3601; x_wconf 90' lang='lat' dir='ltr'><strong>nunc</strong></span> <span class='ocrx_word' id='word_1_267' title='bbox 931 3565 1039 3617; x_wconf 84' lang='lat' dir='ltr'><strong>quoqne</strong></span> <span class='ocrx_word' id='word_1_268' title='bbox 1058 3556 1144 3601; x_wconf 85' lang='lat' dir='ltr'><strong>exstat</strong></span> <span class='ocrx_word' id='word_1_269' title='bbox 1161 3549 1294 3617; x_wconf 82' lang='lat' dir='ltr'><strong>templum</strong></span> <span class='ocrx_word' id='word_1_270' title='bbox 1309 3566 1362 3616; x_wconf 80' lang='lat' dir='ltr'><strong>per-</strong></span> 
     </span>
     <span class='ocr_line' id='line_1_34' title="bbox 272 3620 1362 3689; baseline 0 -18"><span class='ocrx_word' id='word_1_271' title='bbox 272 3620 413 3689; x_wconf 83' lang='lat' dir='ltr'><strong>pulchrum</strong></span> <span class='ocrx_word' id='word_1_272' title='bbox 435 3620 468 3671; x_wconf 86' lang='lat' dir='ltr'><strong><em>ab</em></strong></span> <span class='ocrx_word' id='word_1_273' title='bbox 495 3620 544 3672; x_wconf 92' lang='lat' dir='ltr'><strong>illo</strong></span> <span class='ocrx_word' id='word_1_274' title='bbox 569 3627 731 3672; x_wconf 87' lang='lat' dir='ltr'><strong>exstructum</strong></span> <span class='ocrx_word' id='word_1_275' title='bbox 757 3628 785 3669; x_wconf 88' lang='lat' dir='ltr'><strong>et</strong></span> <span class='ocrx_word' id='word_1_276' title='bbox 814 3620 863 3671; x_wconf 85' lang='lat' dir='ltr'><strong>sub</strong></span> <span class='ocrx_word' id='word_1_277' title='bbox 887 3622 997 3671; x_wconf 88' lang='lat' dir='ltr'><strong>nomine</strong></span> <span class='ocrx_word' id='word_1_278' title='bbox 1020 3621 1111 3671; x_wconf 89' lang='lat' dir='ltr'><strong>matris</strong></span> <span class='ocrx_word' id='word_1_279' title='bbox 1144 3620 1188 3671; x_wconf 89' lang='lat' dir='ltr'><strong>dei</strong></span> <span class='ocrx_word' id='word_1_280' title='bbox 1218 3620 1362 3673; x_wconf 83' lang='lat' dir='ltr'><strong>honoratum</strong></span> 
     </span>
     <span class='ocr_line' id='line_1_35' title="bbox 273 3690 1362 3760; baseline -0.001 -18"><span class='ocrx_word' id='word_1_281' title='bbox 273 3700 301 3742; x_wconf 88' lang='lat' dir='ltr'><strong>et</strong></span> <span class='ocrx_word' id='word_1_282' title='bbox 326 3691 453 3758; x_wconf 85' lang='lat' dir='ltr'><strong>templum</strong></span> <span class='ocrx_word' id='word_1_283' title='bbox 477 3693 596 3760; x_wconf 76' lang='lat' dir='ltr'><strong>magistri</strong></span> <span class='ocrx_word' id='word_1_284' title='bbox 619 3692 733 3753; x_wconf 86' lang='lat' dir='ltr'><strong>dictum,</strong></span> <span class='ocrx_word' id='word_1_285' title='bbox 761 3698 842 3758; x_wconf 87' lang='lat' dir='ltr'><strong>atque</strong></span> <span class='ocrx_word' id='word_1_286' title='bbox 859 3693 919 3757; x_wconf 83' lang='lat' dir='ltr'><strong>ipse</strong></span> <span class='ocrx_word' id='word_1_287' title='bbox 936 3691 1039 3743; x_wconf 81' lang='lat' dir='ltr'><strong>Phocus</strong></span> <span class='ocrx_word' id='word_1_288' title='bbox 1065 3690 1188 3742; x_wconf 88' lang='lat' dir='ltr'><strong>columna</strong></span> <span class='ocrx_word' id='word_1_289' title='bbox 1216 3701 1318 3743; x_wconf 80' lang='lat' dir='ltr'><strong>erectus</strong></span> <span class='ocrx_word' id='word_1_290' title='bbox 1339 3694 1362 3741; x_wconf 90' lang='lat' dir='ltr'><strong><em>ir</em></strong></span> 
     </span>
     <span class='ocr_line' id='line_1_36' title="bbox 273 3762 1362 3829; baseline -0.002 -14"><span class='ocrx_word' id='word_1_291' title='bbox 273 3764 326 3815; x_wconf 90' lang='lat' dir='ltr'><strong><em>hoc</em></strong></span> <span class='ocrx_word' id='word_1_292' title='bbox 345 3771 375 3813; x_wconf 89' lang='lat' dir='ltr'><strong>ut</strong></span> <span class='ocrx_word' id='word_1_293' title='bbox 400 3765 487 3815; x_wconf 82' lang='lat' dir='ltr'><strong>victor</strong></span> <span class='ocrx_word' id='word_1_294' title='bbox 509 3772 536 3815; x_wconf 91' lang='lat' dir='ltr'><strong><em>ct</em></strong></span> <span class='ocrx_word' id='word_1_295' title='bbox 555 3763 695 3825; x_wconf 84' lang='lat' dir='ltr'><strong>feretrius,</strong></span> <span class='ocrx_word' id='word_1_296' title='bbox 721 3762 907 3813; x_wconf 86' lang='lat' dir='ltr'><strong>documentum</strong></span> <span class='ocrx_word' id='word_1_297' title='bbox 925 3763 1032 3815; x_wconf 78' lang='lat' dir='ltr'><strong>uirtutis</strong></span> <span class='ocrx_word' id='word_1_298' title='bbox 1059 3763 1118 3814; x_wconf 87' lang='lat' dir='ltr'><strong>cius</strong></span> <span class='ocrx_word' id='word_1_299' title='bbox 1144 3769 1171 3812; x_wconf 85' lang='lat' dir='ltr'><strong>et</strong></span> <span class='ocrx_word' id='word_1_300' title='bbox 1195 3764 1304 3829; x_wconf 78' lang='lat' dir='ltr'><strong>pietatis</strong></span> <span class='ocrx_word' id='word_1_301' title='bbox 1325 3772 1362 3813; x_wconf 86' lang='lat' dir='ltr'><strong><em>ta-</em></strong></span> 
     </span>
     <span class='ocr_line' id='line_1_37' title="bbox 272 3832 1361 3901; baseline 0 -18"><span class='ocrx_word' id='word_1_302' title='bbox 272 3833 308 3885; x_wconf 85' lang='lat' dir='ltr'><strong><em>lis</em></strong></span> <span class='ocrx_word' id='word_1_303' title='bbox 327 3834 432 3885; x_wconf 86' lang='lat' dir='ltr'><strong>insulae</strong></span> <span class='ocrx_word' id='word_1_304' title='bbox 452 3834 572 3886; x_wconf 83' lang='lat' dir='ltr'><strong>efficiens</strong></span> <span class='ocrx_word' id='word_1_305' title='bbox 592 3833 800 3900; x_wconf 87' lang='lat' dir='ltr'><strong>possessiouem.</strong></span> <span class='ocrx_word' id='word_1_306' title='bbox 838 3840 919 3901; x_wconf 85' lang='lat' dir='ltr'><strong>atque</strong></span> <span class='ocrx_word' id='word_1_307' title='bbox 938 3834 994 3884; x_wconf 84' lang='lat' dir='ltr'><strong>vidi</strong></span> <span class='ocrx_word' id='word_1_308' title='bbox 1014 3832 1085 3885; x_wconf 89' lang='lat' dir='ltr'><strong>hunc</strong></span> <span class='ocrx_word' id='word_1_309' title='bbox 1110 3833 1235 3900; x_wconf 89' lang='lat' dir='ltr'><strong>equidem</strong></span> <span class='ocrx_word' id='word_1_310' title='bbox 1260 3850 1315 3885; x_wconf 89' lang='lat' dir='ltr'><strong>cnm</strong></span> <span class='ocrx_word' id='word_1_311' title='bbox 1339 3835 1361 3883; x_wconf 88' lang='grc' dir='ltr'><strong><em>ίτ</em></strong></span> 
     </span>
     <span class='ocr_line' id='line_1_38' title="bbox 270 3902 1361 3971; baseline 0.002 -17"><span class='ocrx_word' id='word_1_312' title='bbox 270 3903 388 3955; x_wconf 82' lang='grc' dir='ltr'><strong><em>ίτττττίατττ</em></strong></span> <span class='ocrx_word' id='word_1_313' title='bbox 413 3905 549 3971; x_wconf 84' lang='lat' dir='ltr'><strong>profectus</strong></span> <span class='ocrx_word' id='word_1_314' title='bbox 571 3920 673 3969; x_wconf 86' lang='lat' dir='ltr'><strong>essem,</strong></span> <span class='ocrx_word' id='word_1_315' title='bbox 693 3911 720 3953; x_wconf 89' lang='lat' dir='ltr'><strong>et</strong></span> <span class='ocrx_word' id='word_1_316' title='bbox 742 3911 783 3954; x_wconf 87' lang='lat' dir='ltr'><strong>est</strong></span> <span class='ocrx_word' id='word_1_317' title='bbox 799 3902 850 3954; x_wconf 89' lang='lat' dir='ltr'><strong>ille</strong></span> <span class='ocrx_word' id='word_1_318' title='bbox 871 3903 966 3955; x_wconf 89' lang='lat' dir='ltr'><strong>similis</strong></span> <span class='ocrx_word' id='word_1_319' title='bbox 985 3906 1093 3955; x_wconf 91' lang='lat' dir='ltr'><strong>omniuo</strong></span> <span class='ocrx_word' id='word_1_320' title='bbox 1117 3905 1177 3971; x_wconf 81' lang='lat' dir='ltr'><strong>regi</strong></span> <span class='ocrx_word' id='word_1_321' title='bbox 1198 3913 1280 3956; x_wconf 82' lang='lat' dir='ltr'><strong>autea</strong></span> <span class='ocrx_word' id='word_1_322' title='bbox 1296 3920 1361 3956; x_wconf 76' lang='lat' dir='ltr'><strong>co·-</strong></span> 
     </span>
     <span class='ocr_line' id='line_1_39' title="bbox 273 3973 1361 4043; baseline 0.003 -21"><span class='ocrx_word' id='word_1_323' title='bbox 273 3982 419 4025; x_wconf 87' lang='lat' dir='ltr'><strong>memorato</strong></span> <span class='ocrx_word' id='word_1_324' title='bbox 451 3976 557 4027; x_wconf 88' lang='lat' dir='ltr'><strong>domino</strong></span> <span class='ocrx_word' id='word_1_325' title='bbox 585 3974 739 4041; x_wconf 81' lang='lat' dir='ltr'><strong>Nicephoro</strong></span> <span class='ocrx_word' id='word_1_326' title='bbox 762 3973 933 4039; x_wconf 80' lang='lat' dir='ltr'><strong>Botaniatae,</strong></span> <span class='ocrx_word' id='word_1_327' title='bbox 966 3974 1029 4027; x_wconf 85' lang='lat' dir='ltr'><strong>fidei</strong></span> <span class='ocrx_word' id='word_1_328' title='bbox 1058 3983 1149 4026; x_wconf 89' lang='lat' dir='ltr'><strong>certae</strong></span> <span class='ocrx_word' id='word_1_329' title='bbox 1173 3975 1293 4043; x_wconf 76' lang='lat' dir='ltr'><strong>siguum,</strong></span> <span class='ocrx_word' id='word_1_330' title='bbox 1311 3990 1361 4027; x_wconf 83' lang='lat' dir='ltr'><strong>esse</strong></span> 
     </span>
    </p>
   </div>
   <div class='ocr_carea' id='block_1_6' title="bbox 161 4042 1360 4112">
    <p class='ocr_par' dir='ltr' id='par_1_8' title="bbox 161 4042 1360 4112">
     <span class='ocr_line' id='line_1_40' title="bbox 161 4042 1360 4112; baseline 0.004 -20"><span class='ocrx_word' id='word_1_331' title='bbox 161 4064 162 4067; x_wconf 40' lang='lat'>¹</span> <span class='ocrx_word' id='word_1_332' title='bbox 274 4042 346 4093; x_wconf 91' lang='lat' dir='ltr'><strong>lruuc</strong></span> <span class='ocrx_word' id='word_1_333' title='bbox 365 4043 466 4094; x_wconf 89' lang='lat' dir='ltr'><strong>abillo</strong></span> <span class='ocrx_word' id='word_1_334' title='bbox 486 4047 633 4098; x_wconf 86' lang='lat' dir='ltr'><strong>oriundum.</strong></span> <span class='ocrx_word' id='word_1_335' title='bbox 671 4046 725 4097; x_wconf 86' lang='lat' dir='ltr'><strong>uisi</strong></span> <span class='ocrx_word' id='word_1_336' title='bbox 743 4053 830 4097; x_wconf 85' lang='lat' dir='ltr'><strong>autem</strong></span> <span class='ocrx_word' id='word_1_337' title='bbox 855 4054 966 4112; x_wconf 86' lang='lat' dir='ltr'><strong>propter</strong></span> <span class='ocrx_word' id='word_1_338' title='bbox 986 4046 1114 4112; x_wconf 79' lang='lat' dir='ltr'><strong>pietatem</strong></span> <span class='ocrx_word' id='word_1_339' title='bbox 1132 4047 1190 4097; x_wconf 87' lang='lat' dir='ltr'><strong>cius</strong></span> <span class='ocrx_word' id='word_1_340' title='bbox 1212 4054 1239 4097; x_wconf 88' lang='lat' dir='ltr'><strong>et</strong></span> <span class='ocrx_word' id='word_1_341' title='bbox 1256 4050 1360 4099; x_wconf 88' lang='lat' dir='ltr'><strong>circuu-</strong></span> 
     </span>
    </p>
   </div>
   <div class='ocr_carea' id='block_1_7' title="bbox 274 4113 1361 4267">
    <p class='ocr_par' dir='ltr' id='par_1_9' title="bbox 274 4113 1361 4267">
     <span class='ocr_line' id='line_1_41' title="bbox 274 4113 1361 4181; baseline 0.002 -16"><span class='ocrx_word' id='word_1_342' title='bbox 274 4113 443 4178; x_wconf 81' lang='lat' dir='ltr'><strong>spicieutium</strong></span> <span class='ocrx_word' id='word_1_343' title='bbox 466 4117 572 4169; x_wconf 83' lang='lat' dir='ltr'><strong>adesset</strong></span> <span class='ocrx_word' id='word_1_344' title='bbox 598 4118 623 4166; x_wconf 89' lang='lat' dir='ltr'><strong>ei</strong></span> <span class='ocrx_word' id='word_1_345' title='bbox 649 4116 769 4168; x_wconf 85' lang='lat' dir='ltr'><strong>diuinum</strong></span> <span class='ocrx_word' id='word_1_346' title='bbox 787 4115 931 4181; x_wconf 87' lang='lat' dir='ltr'><strong>auxilium,</strong></span> <span class='ocrx_word' id='word_1_347' title='bbox 961 4118 1068 4168; x_wconf 89' lang='lat' dir='ltr'><strong>omuino</strong></span> <span class='ocrx_word' id='word_1_348' title='bbox 1086 4117 1216 4168; x_wconf 79' lang='lat' dir='ltr'><strong>iueilirax</strong></span> <span class='ocrx_word' id='word_1_349' title='bbox 1233 4118 1324 4170; x_wconf 78' lang='lat' dir='ltr'><strong>luisset</strong></span> <span class='ocrx_word' id='word_1_350' title='bbox 1340 4125 1361 4167; x_wconf 89' lang='lat' dir='ltr'><strong>et</strong></span> 
     </span>
     <span class='ocr_line' id='line_1_42' title="bbox 274 4184 1360 4267; baseline 0 -28"><span class='ocrx_word' id='word_1_351' title='bbox 274 4185 328 4239; x_wconf 86' lang='lat' dir='ltr'><strong>iter</strong></span> <span class='ocrx_word' id='word_1_352' title='bbox 346 4186 375 4239; x_wconf 91' lang='lat' dir='ltr'><strong><em>in</em></strong></span> <span class='ocrx_word' id='word_1_353' title='bbox 394 4184 500 4239; x_wconf 76' lang='lat' dir='ltr'><strong>cretam</strong></span> <span class='ocrx_word' id='word_1_354' title='bbox 517 4193 670 4267; x_wconf 78' lang='lat' dir='ltr'><strong>susceptum</strong></span> <span class='ocrx_word' id='word_1_355' title='bbox 689 4195 717 4239; x_wconf 85' lang='lat' dir='ltr'><strong>et</strong></span> <span class='ocrx_word' id='word_1_356' title='bbox 730 4186 904 4242; x_wconf 84' lang='lat' dir='ltr'><strong>consiliorum</strong></span> <span class='ocrx_word' id='word_1_357' title='bbox 922 4188 1038 4244; x_wconf 81' lang='lat' dir='ltr'><strong>hostium</strong></span> <span class='ocrx_word' id='word_1_358' title='bbox 1054 4187 1211 4255; x_wconf 79' lang='lat' dir='ltr'><strong>declaratio,</strong></span> <span class='ocrx_word' id='word_1_359' title='bbox 1230 4196 1308 4261; x_wconf 85' lang='lat' dir='ltr'><strong>atquc</strong></span> <span class='ocrx_word' id='word_1_360' title='bbox 1323 4196 1360 4242; x_wconf 83' lang='lat' dir='ltr'><strong><em>art</em></strong></span> 
     </span>
    </p>
   </div>
   <div class='ocr_carea' id='block_1_8' title="bbox 0 0 1422 4750">
    <p class='ocr_par' dir='ltr' id='par_1_10' title="bbox 0 0 1422 4750">
     <span class='ocr_line' id='line_1_43' title="bbox 0 0 1422 4750; baseline 0 0"><span class='ocrx_word' id='word_1_361' title='bbox 0 0 1422 4750; x_wconf 95' lang='lat' dir='ltr'><strong><em> </em></strong></span> 
     </span>
    </p>
   </div>
  </div>
 </body>
</html>
