2834 4750
272 274 347 350 230
570 273 791 346 mtcfllms
819 271 1082 342 bunuorum

272 437 418 523 τέμενος,
440 440 497 503 ἕνα
518 435 614 519 μόνον
635 431 702 520 εἶχε
721 429 855 522 βοηθὸν
862 461 916 500 και
912 435 1161 519 συλλήπτορα,
1184 426 1403 551 βουληφόροι

274 537 342 661 ἅμα
366 542 421 604 κατ’
451 538 626 622 στρατηγόν
656 537 712 602 καί
741 535 879 621 ἱππότην
901 561 957 601 και
989 534 1141 616 δεξιὸν’
1116 532 1390 618 αρχιστρτὶτηγοι,

271 640 327 708 τὸν
347 637 563 723 Βοτανειάτην
584 639 797 723 Νικηφόρον,
817 635 852 712 ὃς
873 637 999 713 παππος
1024 631 1064 723 ἧν
1082 639 1129 724 τῷ
1150 641 1404 748 προλελεγμένα

271 745 405 826 βασιλεῖ.
429 742 518 814 τέλος
541 741 576 802 δὲ
597 761 653 803 του
643 742 828 819 πολέμου,
848 738 929 820 μετὰ
945 736 979 802 τὸ
1002 739 1327 820 καταπολεμηθῆναι
1349 732 1404 797 ια’

271 841 452 927 ἡττηθῆναι
481 837 515 904 τὸ
546 842 608 904 τῶν
629 836 825 922 Βοολγοὶροον
858 837 952 914 ἔθνος
972 837 1034 902 ὕπὸ
1073 839 1132 921 τῆς
1154 836 1272 900 αὐτοῦ
1294 837 1404 912 dalrici

167 977 170 982 ·
275 934 330 1028 (ἧν
350 941 409 1025 γὰρ
434 942 606 1024 τηνικαῦτα
629 944 673 1027 τῷ
692 943 891 1028 περιβλέπεις)
922 939 985 1004 τῶν
1004 942 1127 1019 dcccciv
1150 934 1326 1015 ἀξιώματι
1345 959 1405 1000 τοι

273 1045 455 1128 τιμημὲνος,
478 1038 694 1122 έλαμπρύνετο
717 1043 753 1105 δὲ
774 1043 830 1104 καί
848 1044 889 1127 τῇ
910 1043 970 1103 τοῦ
990 1039 1104 1114 domnoc
1127 1032 1405 1122 περιφατεοτᾶτη

273 1143 387 1259 ἆρχηῖ),
409 1138 463 1206 τὸν
481 1141 592 1225 εὐγενῆ
613 1140 669 1206 καί
692 1144 828 1226 α’ληθέσι
845 1138 1055 1223 στρατιώταις
1075 1135 1239 1223 ἐράσμιον
1264 1137 1387 1219 θνησια

273 1240 456 1325 μαχόμενος
486 1241 634 1306 θάνατον.
677 1237 873 1325 τρεψάμενος
900 1238 959 1323 γὰρ
990 1236 1065 1315 τούς
1087 1235 1322 1319 Βουλγᾰρους,
1343 1237 1391 1307 κατ’

276 1340 440 1407 διαέιιαν’
425 1367 459 1405 εν
478 1345 518 1427 τῇ
539 1337 708 1430 ιιλεισουρα
729 1344 766 1427 τῇ
785 1342 934 1463 λεγομένη
956 1363 1012 1408 του
1000 1336 1203 1416 titudine,
1227 1338 1295 1400 ουίι
1316 1314 1407 1401 druell

276 1439 426 1527 σφάττων
450 1467 503 1505 και
519 1441 781 1524 κατατιτρώσκειν
804 1439 928 1524 αὐτους,
948 1438 1007 1516 ἕως
1021 1441 1067 1512 εἰς
1089 1437 1285 1520 ἀκρωρείας
1305 1421 1386 1500 α’νελ.

276 1537 356 1618 θυέν,
378 1536 457 1603 ἔνθα
481 1544 537 1602 καί
563 1535 689 1623 ἑτέρους
711 1534 795 1625 ἓαέρα
818 1538 1026 1622 Βουλγοίρους
1044 1539 1324 1622 καταφυγόντας,
1345 1539 1386 1602 ἑο

278 1637 366 1724 φάλη
388 1641 442 1720 τῆς
461 1623 628 1756 ἱπηασιάς,
651 1645 708 1702 τοῦ
729 1641 828 1703 ἵππου
858 1630 1186 1719 κατολισθησαντος
1165 1660 1205 1699 εν
1226 1639 1331 1714 πλαξι
1348 1643 1386 1699 λι·

275 1738 384 1812 θέναις
405 1761 456 1801 και
482 1763 539 1802 ουν
563 1742 647 1826 αὕτη)
635 1731 1054 1823 κατανρημνισθέντος,“
1028 1759 1107 1800 more
1131 1740 1407 1818 καταπλαγέντας

275 1835 350 1914 τούς
371 1841 530 1914 ἐναντίους
562 1839 619 1921 τήν
650 1842 884 1925 ἀνυπέρβλητον
915 1835 1017 1923 ὁρμὴν
1047 1842 1103 1901 τοῦ
1140 1838 1268 1919 ἀνδρός
1286 1842 1407 1922 μηιὲιιλ

277 1944 343 2015 τοῖς
361 1933 536 2019 Ῥωμαίοις
565 1945 723 2024 τολμῆσαι
763 1941 809 2013 εἰς
837 1946 950 2022 χεῖρας
981 1941 1107 2017 ἐλθεῖν,
1138 1929 1224 2000 ἄλλα
1250 1937 1311 2001 τὸν
1336 1941 1385 2018 μὲν

163 2035 169 2044 ’
278 2031 420 2122 ἄρχοντα
442 2041 576 2118 τούτων,
590 2029 741 2124 Σαμουῆλ
757 2035 1059 2121 κατονομαζόμενον,
1072 2035 1260 2119 ου’ντρομον
1283 2047 1385 2123 φυγεῖν

196 2143 200 2154 ’
277 2137 334 2200 καί
355 2140 530 2203 ἀποθανεῖν
552 2143 585 2205 έν
600 2144 643 2226 τῷ
663 2146 771 2226 λιμνέηι
791 2138 875 2226 νήσῳ
896 2141 952 2221 τῆς
966 2140 1133 2221 Πρέσπας,
1155 2134 1236 2214 τούς
1264 2141 1305 2203 δὲ
1327 2144 1385 2200 λοι-

277 2239 357 2311 πούς
381 2231 526 2328 Ιἅπαντας
564 2236 782 2313 ὑποσπόνδους
817 2235 952 2313 ἑαυτοὺς
979 2239 1154 2321 ἐγχειρίσαι
1183 2240 1231 2325 τῷ
1267 2243 1388 2320 βασιλεῖ

278 2335 333 2402 καὶ
352 2342 500 2421 γενέσθαι
528 2339 662 2417 δούλους
690 2342 731 2404 δι’
755 2337 875 2425 αἱρετὴν
895 2331 965 2413 ἑνὸς
987 2336 1104 2422 α’νδρός
1125 2341 1182 2402 κατ’
1205 2339 1409 2425 γενναιότηιι

280 2461 333 2513 τος
352 2440 498 2522 μέγεθος

378 2542 463 2605 'Eum
480 2565 531 2604 και
557 2566 573 2603 ο
595 2540 706 2605 τούτου
730 2538 801 2616 υἱὸς
824 2541 983 2623 Μιχαὴλ,
1003 2540 1109 2623 πατὴρ
1132 2541 1193 2603 τοῦ
1217 2542 1384 2661 βασιλέως,

279 2645 360 2725 μέγα
378 2664 408 2705 τι
433 2642 488 2703 καί
511 2639 765 2725 υπιροὶνθρωπον
794 2642 971 2720 ἐνεδείξατο
995 2644 1160 2725 καρτεριας
1190 2641 1250 2703 καί
1271 2643 1383 2724 ἄνδρα·

279 2936 384 3005 positus
411 2940 438 2986 et
464 2933 703 2989 innumerabilibus
726 2936 862 2989 laboribus
889 2944 916 2988 ct
942 2936 1021 2989 armis
1041 2933 1178 3003 expositus
1196 2950 1282 2999 unum
1302 2938 1379 2989 solun

279 3006 396 3060 babebat
414 3008 517 3060 socium
536 3016 563 3059 et
582 3008 737 3073 adiutorem,
761 3007 942 3067 consiliarium
962 3008 1040 3059 simul
1060 3016 1086 3058 et
1105 3009 1200 3059 ducem
1222 3016 1249 3059 et
1270 3012 1378 3078 equilen

281 3087 309 3131 et
328 3079 447 3132 dextrum
466 3079 662 3146 imperatorem,
681 3080 846 3132 botaniatam
864 3079 1059 3146 Nicephorum,
1079 3080 1126 3147 qui
1143 3094 1211 3131 avus
1232 3088 1379 3132 enatantes

280 3151 353 3203 dicto
371 3152 440 3217 regi
490 3151 518 3201 in
540 3152 593 3201 line
619 3159 706 3202 autem
731 3150 798 3201 belli
817 3158 956 3217 postquam
981 3148 1130 3201 debellatus
1156 3157 1197 3201 est
1217 3159 1246 3201 et
1263 3152 1378 3204 deuictus

279 3220 457 3304 bulgarorum
475 3222 590 3287 populus
610 3222 666 3273 eius
686 3230 795 3272 strenua
813 3222 929 3284 actione,
958 3225 1031 3289 (erat
1049 3222 1120 3272 enim
1137 3228 1193 3271 tum
1213 3221 1316 3275 illustri
1333 3240 1378 3273 ne.

280 3293 432 3346 ttiariorum
451 3292 580 3365 dignitate
599 3294 754 3347 ornutuset
773 3291 930 3358 splendebat
949 3294 1026 3343 etiam
1048 3292 1123 3343 ducis
1139 3291 1306 3359 amplissimo
1325 3310 1377 3345 ma-

281 3364 408 3431 gistratu)
436 3358 555 3413 nobilcr'u
583 3370 609 3413 et
629 3365 701 3415 ueris
721 3363 850 3415 militibus
874 3363 998 3414 dilectum
1029 3362 1101 3414 subit
1119 3378 1244 3430 pugnans
1262 3372 1374 3415 mortem

282 3440 422 3501 postquam
442 3433 510 3482 enim
530 3435 612 3483 vertit
623 3433 756 3502 Bulgaros
777 3443 804 3484 ct
820 3434 1010 3501 persequens
1004 3450 1031 3485 ιιι
1048 3434 1179 3501 angustiis
1198 3450 1270 3501 qnae
1288 3436 1376 3486 dicuu-

282 3512 326 3556 tur
344 3502 464 3566 Clidius,
495 3518 541 3554 eos
560 3519 614 3555 non
637 3504 776 3556 desinebat
800 3506 946 3557 occidendo
972 3515 998 3558 et
1022 3504 1189 3557 vulnerando
1216 3521 1280 3570 eos,
1299 3509 1376 3558 donec

283 3575 313 3628 in
329 3590 405 3627 arces
425 3588 562 3641 egressus,
593 3591 644 3642 quo
665 3576 743 3626 etium
760 3575 829 3627 alios
854 3577 962 3628 videbat
980 3576 1111 3643 bulgaros
1129 3574 1301 3643 confugisse,
1320 3576 1375 3640 lap-

285 3660 330 3699 sus
352 3652 392 3697 est
412 3644 567 3711 equitando,
594 3661 663 3713 cquo
689 3646 792 3712 dilapso
813 3648 840 3697 in
860 3648 930 3714 iugis
956 3649 1058 3699 saxosis
1085 3654 1189 3697 etcum
1213 3662 1247 3697 eo
1267 3648 1374 3706 deiecto,

283 3718 368 3770 itaut
387 3716 533 3767 adversarii
560 3717 702 3784 stupelucti
725 3718 900 3782 insuperabili
926 3720 1025 3785 impetu
1043 3719 1097 3769 viri
1120 3731 1175 3767 uon
1194 3717 1306 3783 amplius
1323 3718 1375 3768 llo.

283 3788 367 3837 manis
387 3788 514 3838 auderent
540 3788 572 3839 ud
596 3802 686 3838 ruamus
705 3789 809 3853 venire,
839 3790 884 3840 scd
904 3790 956 3839 dux
983 3790 1075 3840 borum
1096 3788 1202 3840 Samuel
1223 3789 1306 3839 dictus
1322 3798 1373 3838 tre.

282 3873 358 3909 mens
378 3858 485 3928 lugeret
509 3868 536 3910 et
564 3866 714 3910 moreretur
739 3861 767 3909 in
786 3860 898 3927 palustri
931 3860 1017 3911 insula
1036 3858 1150 3943 Prespa,
1176 3857 1276 3926 reliqui
1293 3868 1372 3909 autem

285 3941 375 3979 omncs
400 3929 535 3982 subiectos
561 3946 590 3981 se
607 3923 769 3996 praeberent
793 3932 850 3998 regi
881 3939 907 3981 et
925 3932 1020 3982 luerent
1038 3933 1110 3982 servi
1129 3936 1239 3995 propter
1257 3932 1371 3981 virtutem

283 4000 362 4050 unius
385 4000 437 4051 viri
457 4008 482 4051 ct
500 4000 647 4058 nobilitatis
666 4004 882 4070 magnitudinem

384 4086 603 4157 Quandoquidem
629 4091 708 4141 etiam
727 4090 804 4144 huius
823 4090 895 4143 lilius
913 4089 1037 4153 blichael,
1055 4097 1130 4156 pater
1148 4089 1241 4157 regis,
1259 4102 1369 4156 magnum

287 4153 394 4226 aliquod
415 4159 464 4209 ct'
458 4174 569 4212 immane
588 4162 704 4215 ostendit
716 4163 861 4229 patientiae
877 4170 902 4213 et
921 4161 1082 4217 fortitudinis
1101 4166 1193 4214 contra
1210 4160 1368 4213 adversarios
