2834 4750
274 237 288 270 ε
377 315 380 322 ,
534 223 745 314 uisuro-
836 165 841 173 ’
916 258 919 262 -
1086 210 1174 316 ὐ

82 409 133 472 ρος
151 387 247 471 τύχην
268 389 303 451 ἐκ
328 389 451 452 πολλῶν
472 383 569 450 ἕλκων
587 376 723 470 χρόνων,
746 378 813 474 εἶτα
836 387 872 472 τῇ
894 384 1104 474 άναιιτορίσση
1125 385 1184 449 θέ-
1276 388 1281 396 ’

82 511 127 552 σει
148 486 349 572 χρηματίσας
374 484 467 568 υἱός,
494 488 550 550 κατ’
576 480 679 567 ὅρκοις
699 480 986 570 φρικωδεστάτοις,
1012 489 1051 549 οὔ
1070 488 1183 567 μέλανι

82 587 148 652 ἀλλ’
183 589 296 669 αἵματι
319 587 467 677 α’χράντρι
496 589 552 656 τοῦ
574 583 787 668 θεανθριάπου
822 585 993 669 λόγουκαὶ
1015 590 1105 670 χειρί
1126 589 1183 649 τοῦ

81 691 220 772 μείζονος
250 693 282 754 ἐν
305 697 463 773 γεννητοῖς
497 689 654 770 γυναικοῖν
680 689 858 768 βαπτιστοῦ
886 690 1183 773 ρ’νσεσημασμὲνσις,

57 786 254 854 ου’νόθευτον
278 790 334 872 τήν
354 787 431 872 πρὸς
454 789 569 877 αὐτην,
583 783 666 870 τάχα
689 786 952 870 βεβαιωσάμενος
973 792 1088 852 πίστιν.
1131 785 1187 857 κατ’

83 883 120 974 ἧν
140 889 155 954 ὅ
179 888 256 974 α’νηρ
288 893 342 952 ἐπί
370 892 429 971 μὲν
452 894 507 974 τῆς
541 895 696 974 προτέρας
725 891 881 973 διαγωγῆς
907 887 1108 968 κακιζόμενος
1133 889 1188 959 κατ’

83 999 145 1065 τοῖς
172 991 342 1066 ἐπαινετοῖς
370 993 623 1071 πολιτευομένοις
652 987 695 1073 μη“
725 986 979 1070 συναπτόμενσς,
1002 991 1056 1052 ε’τιί
1080 991 1114 1051 δὲ
1131 992 1185 1071 τῆς

81 1094 246 1174 βασιλικῆς
269 1089 456 1173 ἀναβάσεως
478 1089 532 1164 καί
541 1096 617 1154 λίαν
640 1085 915 1173 ἑγιιωμιαζάμενός
936 1113 970 1152 τε
992 1088 1047 1167 καί
1066 1113 1183 1173 σεμνυ..

82 1193 219 1272 νόμενος,
241 1183 291 1258 οἷα
312 1191 484 1278 φιλοτίμως
505 1183 578 1274 άρτι
593 1193 714 1274 πρῶτον
729 1192 808 1275 ὑπὲρ
830 1188 904 1265 τούς
928 1189 988 1272 πρὸ
1012 1191 1111 1254 advos
1129 1195 1187 1276 βςς-

43 1289 306 1374 λθβασιλευκὸτας
341 1297 379 1377 τῇ
413 1293 570 1380 συγκλήτῳ
604 1295 657 1356 καί
693 1301 757 1370 tois
791 1283 897 1366 άλλοις
925 1285 1214 1377 accommodarem*

82 1386 239 1476 ὑπηκόοις,
252 1395 308 1467 καί
318 1400 425 1474 τιμαῖς
438 1396 655 1473 περιβλέπτοις
668 1393 725 1454 καί
734 1391 893 1472 άξιιόμαοι
906 1393 1072 1464 πλείστόυς
1091 1386 1186 1466 ὅσους

81 1497 331 1576 καταγεραίρων,
356 1491 409 1556 κατ’
429 1491 484 1574 τὴν
506 1481 780 1576 advenientium
803 1517 851 1569 τις
872 1487 978 1572 ἄλλος,
1000 1488 1188 1568 σπουδάζων

81 1593 316 1676 α’νεγερῖλῆναι,
339 1592 393 1656 καί
419 1597 481 1657 τῶν
508 1595 723 1674 οιίλικουμένιαν
747 1591 909 1678 ἐκδικητης
935 1580 1188 1676 ἀναφαινόμενος
1249 1620 1251 1623 ·

81 1687 315 1777 ἀπαραίτητος,
338 1693 392 1759 καί
412 1691 614 1782 δικαιοσύνην
628 1696 690 1757 ιιόν
711 1687 814 1759 ἄλλων
832 1689 979 1762 ἁπάντων
1003 1687 1187 1777 ὑπεραίρων

43 1790 136 1886 titolo*
155 1794 403 1878 προτιμωμενος.
463 1793 592 1877 ἐξήγαγε
624 1794 684 1876 γὰρ
719 1795 850 1877 καὶτῆς
876 1793 1009 1876 χρονίας
1039 1794 1186 1877 φρουρᾶς

82 1892 135 1966 τόν
158 1918 191 1970 τε
225 1899 461 1975 Κωνσταντῖνον
497 1898 613 1962 ἐκεῖνον
640 1893 694 1959 τὸν
726 1891 961 1976 Δαλασσηνόν,
984 1891 1025 1968 οἷς
1048 1887 1185 1957 ὕποπτον

83 1998 155 2077 περί
173 1999 227 2080 τῆς
247 2001 412 2077 βασιλείας
445 2000 478 2060 ἐν
500 1995 608 2086 πάργιρ
629 1996 876 2080 α’ποιιλεισθὲντα
905 1994 995 2078 παρὰ
1016 1996 1072 2058 τοῦ
1095 1991 1185 2058 θείου
1197 2013 1216 2068 f,
1237 2014 1328 2071 1691,

84 2097 203 2181 uriaco,
234 2097 289 2162 καί
316 2096 371 2166 τὸν
397 2101 561 2182 πατρίκιον
589 2100 705 2162 ἐκεῖνον
735 2099 766 2160 Γ
765 2092 896 2177 ειόργιον
924 2092 979 2174 ςὸν
999 2091 1185 2184 Μανιάιιην,

84 2188 119 2257 ὃν
138 2200 194 2268 κατ’
215 2201 258 2284 τῷ
278 2200 346 2268 τῶν.
360 2203 542 2282 μοιγίστρων
570 2195 741 2281 τετιμηκάς
766 2197 921 2275 οἴξιολματι
950 2199 1005 2260 καί
1023 2193 1188 2272 κατεπάνω

42 2294 215 2373 ῖῦἸταλιάς
237 2302 488 2384 προεχειρίσατο.
512 2297 586 2375 τους
608 2301 643 2362 δὲ
663 2304 821 2381 συγγενεῖς
845 2296 955 2379 αὐτοῦ,
977 2295 1113 2370 πολλοὺς
1131 2301 1191 2377 μὲν

84 2402 137 2487 καί
158 2402 328 2477 πλουσίους
343 2398 514 2486 φορτιιοάς
532 2404 565 2465 δὲ
584 2402 756 2475 desotatae
777 2400 819 2485 τῷ
837 2396 930 2481 βάρει
946 2398 1009 2470 τῶν
1031 2395 1189 2481 πράξεων,

85 2490 188 2583 ἇρτλην
212 2502 246 2563 ἐκ
267 2503 367 2583 μέσου,
401 2506 562 2585 πεποιήιιε,
585 2499 639 2566 ιόν
669 2496 922 2586 μὲν-ἐξάρχονρρ
945 2498 1065 2585 (oriam
1081 2496 1190 2567 Ἰωάν-

85 2622 140 2683 νην
160 2601 304 2684 μοναχὸν
323 2603 379 2679 ααι“
402 2602 655 2688 ὀρφανοτρὸφον,
679 2598 714 2679 ἃς
734 2601 791 2684 τήν
805 2603 868 2677 cuia
888 2592 1083 2703 πραγμάτων
1102 2591 1189 2686 εἶχεν

159 2805 202 2859 12·
224 2822 251 2857 τι
270 2802 336 2861 ἄλλο
355 2803 384 2859 Ο.

87 2992 200 3045 rationis
221 2992 336 3043 hominis
360 2994 462 3059 divini²
492 3002 518 3045 et
537 3010 615 3047 manu
645 2996 753 3047 maioris
775 2996 846 3047 iuter
874 2996 980 3064 genitos
999 3010 1014 3045 a
1032 2994 1200 3046 mulieribus·
1227 2992 1231 3007 ⁸

85 3062 219 3131 baptistae
251 3066 363 3131 signatis
393 3066 523 3117 sinceram
551 3067 628 3120 huius
648 3068 798 3133 adoptionis
819 3070 906 3121 statim
925 3066 1082 3117 confirmans
1101 3065 1188 3118 fldem.

87 3144 167 3203 atque
188 3144 244 3187 erat
263 3134 340 3187 homo
367 3146 474 3203 propter
503 3138 619 3204 priorem
647 3139 825 3190 conditionem
844 3139 965 3200 infamis,
988 3151 1077 3204 neque
1094 3136 1189 3187 lauda.

87 3204 179 3259 biliter
198 3208 436 3272 administratorum
455 3225 543 3260 rerum
572 3210 706 3277 particeps
725 3217 789 3261 erat.
836 3210 863 3260 in
883 3210 986 3276 imperii
1005 3216 1093 3259 autem
1112 3207 1189 3258 initio
1241 3202 1251 3225 ⁸

88 3280 166 3329 etiam
187 3278 265 3329 valde
286 3278 440 3330 laudabatur
462 3289 488 3331 et
499 3279 691 3345 celebrabatur,
712 3289 739 3332 nt
752 3288 885 3350 generose
902 3297 987 3348 nuper
1000 3279 1111 3347 primum
1125 3294 1190 3346 prae

87 3350 222 3417 prioribus
242 3350 351 3416 regibus
371 3353 474 3403 senatui
496 3360 523 3402 et
541 3353 638 3405 ceteris
663 3370 692 3405 se
717 3354 831 3404 ollerens
862 3353 1000 3415 subiectis,
1032 3360 1058 3401 et
1076 3350 1188 3401 honori-

87 3416 136 3471 bus
155 3420 303 3472 illustribus
326 3430 352 3471 et
363 3423 535 3489 dignitatibus
555 3424 773 3493 quamplurimos
793 3440 899 3489 ornans,
920 3433 946 3475 et
963 3424 1111 3491 legitimum
1131 3428 1188 3471 sta.

88 3498 140 3542 tum
162 3493 185 3543 si
208 3493 267 3559 quis
292 3491 361 3544 alius
382 3496 489 3557 studens
509 3498 656 3547 suscitare:
685 3505 711 3547 et
732 3513 820 3548 rerum
847 3498 1001 3547 iniustorum
1022 3494 1093 3544 ultor
1114 3492 1188 3543 visus

86 3560 272 3626 inexorabilis,
294 3569 320 3613 et
339 3566 465 3619 iustitiam
485 3582 549 3632 prae
570 3568 690 3619 omnibus
718 3568 780 3619 aliis
801 3568 915 3624 efferens
935 3574 962 3615 et
980 3564 1082 3615 colens.
1121 3564 1188 3615 edu.

87 3633 125 3684 xit
145 3634 214 3684 enim
236 3636 314 3684 etiam
335 3652 367 3687 ex
386 3636 533 3705 longinquo
551 3655 659 3690 earcere
680 3638 879 3691 Constantinum
899 3636 973 3687 illum
994 3634 1187 3698 vulterranum,
1259 3662 1261 3667 ·

86 3706 130 3771 qui
151 3712 291 3769 suspectus
316 3706 392 3775 regni
412 3706 551 3760 affectandi
571 3712 598 3761 in
619 3711 684 3761 turri
703 3710 821 3763 inclusus
842 3717 899 3759 erat
917 3707 950 3759 ab
968 3706 1102 3758 avrrneulo
1122 3708 1189 3769 eius,

86 3783 113 3825 et
130 3775 269 3840 patricium
290 3776 365 3827 illum
388 3780 530 3847 Georgium
549 3782 704 3846 Maniacen,
737 3796 815 3847 quem
839 3780 916 3830 ctiam
934 3780 1118 3846 magistrorum
1138 3779 1189 3829 ho.

85 3847 193 3897 noravit
215 3848 343 3915 dignitate
371 3860 397 3901 et
416 3852 562 3917 superioris
591 3852 683 3903 ltaliae
703 3851 866 3920 praelectum
893 3852 1038 3903 constituit.
1077 3851 1189 3919 propin.

86 3931 152 3984 quos
172 3927 259 3971 autem
280 3935 351 3983 suos,
373 3924 417 3989 qui
437 3922 511 3973 multi
536 3924 647 3989 quidem¹
667 3931 693 3981 et
719 3924 817 3974 divites
838 3930 930 3992 erant,
961 3922 1074 3974 violenti
1102 3931 1189 3973 tamen

86 3986 243 4042 videbantur
263 3994 402 4043 atrocitate
422 3993 549 4043 laetorum
570 4008 678 4059 prorsus
708 3993 828 4043 emedio
856 3994 979 4057 sustulit,
1011 4010 1068 4044 eum
1095 3994 1189 4046 ducem

85 4057 178 4109 horum
197 4058 322 4113 loannem
350 4065 506 4115 monachum
532 4072 557 4115 et
582 4064 705 4115 orborum
727 4064 897 4132 praesidem,
934 4068 961 4116 ul
989 4082 1076 4117 rerum
1095 4073 1124 4115 ut
1141 4080 1188 4115 rex

86 4128 222 4183 obtinebat
240 4134 507 4200 administrationem,
535 4138 561 4188 in
582 4143 718 4189 aeternum
746 4138 857 4187 eliceret
876 4083 996 4203 exibam,
1016 4145 1122 4190 ceteros
1144 4136 1188 4188 vi.
1231 4203 1233 4206 Ι
