2834 4750
519 290 727 360 ursinum.
925 345 934 361 ι
1098 278 1173 362 ult

54 491 147 552 κημα
169 469 231 531 καί
252 469 313 531 τοῦ
335 462 397 530 α’πό
430 464 604 547 λογοθετάν
626 463 781 550 δύστηνον
811 465 966 552 ὄπινόημα
986 491 1041 532 και
1060 468 1099 554 τῇ
1117 468 1174 531 ου-

52 567 155 656 θηνία
177 569 401 651 ἐπιβουλεῦον,
420 566 477 629 τόν
491 569 762 652 καινουργηθόντα
774 571 860 653 φημί
880 565 967 644 τ’κτός
983 570 1047 633 τοῦ
1059 561 1173 644 άστοος

54 668 238 754 φσόνιλακα
273 693 327 732 και
321 667 510 752 κατεπόθη
540 670 654 751 μέχρις
676 665 819 752 ἐδάφους
838 669 1013 751 διαρρντίς.
1056 671 1115 733 τοό
1136 669 1173 733 ds

54 767 201 853 κάστρου
214 771 346 834 Πανίου
370 765 417 832 ἔτι
439 766 484 852 μή
508 771 767 851 σαναπαχθέντος
790 767 897 842 αότοῖς
919 768 1173 850 ἐπεστράτευσαν

27 866 86 934 δοῖ
107 871 169 952 τῆς
188 865 382 934 Ῥαιόιστοῦ
406 870 472 933 κατ’
499 867 621 932 αὐτοῦ·
666 871 722 932 καί
742 869 784 932 δι’
805 867 932 952 ἡμερῶν
951 870 1047 932 τινοῖν
1067 891 1173 951 παρα-

54 969 262 1054 στησάμενοι
283 969 363 1033 adst
383 966 472 1043 τινός
490 972 550 1050 μὲν
571 968 634 1033 τάν
655 963 745 1032 ἔνδον
767 967 938 1050 η’μόναντο,
960 965 1033 1042 τοός
1055 970 1091 1032 dd
1113 959 1174 1032 άλ-

54 1078 133 1145 λους
157 1072 217 1134 ἐπί
236 1066 349 1154 χάρας
371 1072 548 1134 κατέλιπον.
571 1065 672 1133 ἔκτοτε
695 1070 730 1133 δὲ
748 1071 788 1132 ον’
803 1071 944 1133 διέλιπον
962 1070 996 1133 ἐκ
1018 1071 1073 1152 τῆς
1094 1066 1174 1131 οἷπο-

54 1171 212 1254 στατικῆς
242 1169 360 1251 μοίρας
380 1171 426 1244 εἰς
446 1166 505 1252 τήν
521 1165 705 1233 Ῥαιδτστόν
736 1167 993 1253 παραβάλλοντος
1013 1169 1174 1252 στρατιά-

54 1295 121 1348 ται,
146 1269 205 1334 καί
228 1272 350 1350 μάλλον
386 1263 580 1354 άλλογονεῖς,
608 1268 664 1334 καί
681 1266 757 1345 τοός
776 1269 953 1357 περικύκλῳ
974 1267 1092 1352 α’γροός
1114 1272 1173 1330 λυ-

13 1366 276 1452 1ομαινόμενοι,
307 1366 482 1455 προφάσει·
493 1368 579 1454 τάχα
613 1373 668 1455 τῆς
699 1374 757 1434 τοῦ
784 1369 922 1454 κάστρον
951 1370 1097 1456 φυλακῆς
1119 1370 1175 1431 καί

55 1473 308 1554 διατοιχίσοονς·
352 1461 448 1553 ἤθελε
470 1468 531 1553 γάρ
556 1472 612 1534 καί
634 1467 751 1545 αότοός
775 1468 994 1552 ῆΒατατζῖνα
1015 1459 1173 1549 δι’,όγκον
1243 1547 1247 1552 ‚

55 1569 292 1656 ὑπερηφανίας
314 1569 368 1634 καί
390 1567 573 1655 α’ποτροπὴν
588 1573 643 1654 τῆς
664 1565 919 1653 όποπττοομίνης
936 1569 1018 1655 ον’τῇ
1040 1569 1173 1654 ἐπιβου-

56 1671 114 1753 λῆς
154 1673 215 1736 καί
254 1672 504 1754 παρακινήστοος.
559 1671 762 1756 σονττηρήθη
788 1672 823 1734 dl
844 1669 898 1734 καί
927 1667 1174 1750 όναόσταθμος

55 1773 113 1834 τοῦ
137 1771 288 1836 τοιούτου
320 1768 458 1855 κάστρου
488 1770 625 1854 σκόλοψι
651 1775 705 1836 καί
735 1771 921 1854 περιπάτοις
949 1772 1086 1847 ξυλίνοις
1118 1772 1175 1832 καί

15 1884 48 1936 15
57 1862 172 1945 ἄλλοις
196 1867 346 1956 ὀργάνοις
367 1876 430 1936 τιόν
453 1872 628 1956 άλλοτρίοον
651 1874 730 1936 νεῶν
756 1872 1005 1952 άποτριπτικοῖς.
1049 1871 1173 1932 πολλῶν

58 1974 95 2036 δὲ
117 1961 224 2037 όντων
256 1973 290 2036 ἐν
317 1975 361 2060 argi
382 1975 516 2060 αἰγιαλῷ
538 1971 730 2056 οἰκημάτων,
757 1970 962 2056 καταστροφὴ
988 1967 1110 2034 τοότιον
1129 1967 1171 2031 δι’

57 2071 303 2158 όπονοουμὲνην
327 2073 537 2158 κατεπράχθη
566 2076 723 2138 ἐπίθεσιν.
776 2071 832 2136 καί
852 2071 961 2147 άπλιός
982 2070 1087 2160 πάντα
1111 2092 1171 2132 τα-

56 2175 165 2256 ραχῆς
187 2174 362 2258 ἐπέπληστο
383 2177 439 2238 καί
459 2173 653 2257 συγχύσεως.
696 2168 842 2260 ᾐσθόμην
862 2172 899 2235 δὲ
918 2171 974 2234 καί
990 2167 1088 2246 αότός
1109 2170 1197 2233 τιόνλ
1209 2173 1261 2230 221
1271 2188 1299 2230 r.

57 2271 218 2338 τοιοάτοον
235 2276 339 2340 κακῶν
361 2273 404 2350 οἷς
426 2274 484 2359 τὴν
499 2276 696 2340 α’ποστασίαν
718 2270 905 2360 α’ποφυγάν,
925 2274 979 2356 τῆς
1003 2268 1089 2345 ἐντός
1111 2272 1169 2334 τοό

15 2361 202 2460 οοκάστρυυ
236 2378 337 2453 οἰκίας
365 2378 422 2440 καί
434 2379 500 2444 τοῖν
519 2376 692 2460 α’γροτικιόν
713 2399 776 2456 μου
805 2369 971 2459 κτημάτων
992 2369 1169 2456 διαρπαγὴν

57 2473 123 2537 τάν
143 2475 179 2537 ἕν
200 2476 309 2550 αὐτοῖς
332 2477 373 2555 ου’
394 2473 451 2561 τήν
472 2477 634 2558 τυχοῦσαν
655 2475 869 2540 ὑποστάντων.

125 2654 130 2659 ᾖ
157 2574 195 2641 Ὁ
219 2576 254 2639 δὲ
274 2579 448 2660 Βρυέννιος
465 2580 568 2657 τάξεις
589 2575 643 2641 καί
666 2574 772 2663 ἀρχάς
794 2576 834 2663 τῇ
848 2576 1002 2665 βασιλικῇ
1023 2575 1169 2660 δορυφο-

137 2752 181 2808 11.
203 2768 238 2806 an
256 2753 387 2828 ἢρίοιζελ
475 2757 519 2811 22.
537 2756 624 2822 τάξας
642 2756 673 2812 G.
693 2742 970 2827 correxitiuterpr‘es.

61 2907 89 2952 et
107 2901 207 2969 copiae
220 2902 366 2967 insidians,
386 2915 457 2956 nura
482 2904 587 2957 ratione
615 2904 715 2956 laetum
742 2904 802 2956 dieo
829 2913 904 2957 extra
921 2903 1014 2956 urbem
1032 2903 1167 2969 horreum,
1227 2887 1235 2909 ¹

61 2980 88 3022 et
108 2972 267 3025 devoratum
290 2982 433 3043 estusque
452 2976 485 3027 ad
503 2975 598 3039 salum,
618 2976 740 3028 ellusum.
761 2975 874 3027 castello
893 2981 981 3027 autem
998 2974 1081 3026 Pania
1096 2990 1168 3025 non.

60 3043 120 3093 dum
141 3044 237 3096 abacto
258 3044 325 3096 ab
317 3046 351 3097 ris
371 3046 487 3113 proiecti
506 3056 567 3098 sunt
584 3046 746 3099 llaedestaui
773 3046 901 3099 adversus
919 3046 961 3096 id:
992 3052 1073 3113 atque
1091 3053 1168 3112 pust.

62 3130 141 3181 quam
161 3131 211 3182 per
230 3116 286 3169 dies
297 3106 449 3170 nonnullos
469 3118 520 3169 id'
514 3134 540 3168 m
555 3125 719 3201 'patestatem
738 3132 813 3183 suam
830 3117 1002 3183 redegerunt,
1022 3116 1101 3181 alios,
1122 3116 1167 3183 qui

60 3186 133 3239 intus
154 3194 239 3251 eraut,
259 3189 394 3253 arcebant,
414 3186 561 3257 reliquos
553 3206 581 3241 m
594 3189 656 3240 luco
678 3176 854 3255 reliquerunt
893 3188 956 3239 inde
976 3202 1010 3237 ex
1029 3201 1061 3237 eo
1079 3194 1168 3237 autem

60 3265 185 3323 tempore
209 3273 263 3309 uon
282 3226 420 3312 desieru’ut
445 3277 478 3311 ex
506 3260 633 3312 seditiosa
660 3268 736 3325 parte
761 3261 788 3310 in
807 3258 999 3311 llaedestum'
991 3273 1096 3309 irruere
1115 3258 1167 3307 mi.

60 3327 123 3379 lites
144 3331 284 3398 magisque
302 3331 439 3399 peregrini
465 3338 491 3382 et
515 3346 593 3398 agros
614 3332 685 3382 circa
712 3333 778 3383 sitos
798 3332 939 3382 devastare
958 3337 1097 3396 praetexto
1117 3343 1167 3379 cu-

61 3400 166 3451 stodiae
187 3401 292 3459 castelli
316 3411 342 3452 et
362 3402 628 3455 circumvallatiunis
646 3402 792 3473 cupiebat
818 3403 888 3453 euim
909 3403 987 3453 etiam
1007 3416 1054 3452 eos
1073 3400 1167 3452 Balat-

64 3470 126 3521 uiu'a
154 3479 266 3535 propter
291 3473 441 3539 superbiam
470 3465 640 3542 arrogantiae
671 3482 698 3525 et
723 3474 885 3541 praesidium
909 3473 1080 3536 insidiarum,
1100 3486 1167 3539 quas
1263 3515 1265 3518 .

60 3541 259 3607 suspicaretur,
280 3550 306 3592 et
326 3543 467 3595 turbarum
516 3554 692 3598 conservatus
712 3554 800 3595 autem
819 3552 860 3596 est
879 3545 958 3597 etiam
976 3550 1069 3611 portus
1088 3543 1166 3593 huius

60 3610 169 3662 castelli
196 3609 265 3677 palis
296 3619 322 3663 et
340 3615 486 3680 porticibus
509 3616 608 3684 ligneis
638 3625 664 3667 et
687 3616 749 3667 aliis
775 3616 957 3668 instrumentis
977 3630 1045 3683 quae
1064 3615 1166 3665 alienas

59 3697 144 3733 naves
165 3690 333 3734 averterent:
355 3700 466 3754 cumque
485 3687 609 3737 multam
628 3687 709 3739 litore
725 3696 815 3739 essent
833 3687 964 3749 aedilicia,
985 3688 1092 3738 eversio
1112 3684 1166 3735 ho-

59 3768 117 3804 rum
137 3761 248 3820 propter
265 3754 393 3820 insidias,
421 3773 485 3824 quas
514 3758 714 3824 suspicabatur,
735 3759 804 3809 laeta
826 3767 875 3821 est,
903 3766 930 3808 et
950 3758 1057 3808 omuino
1078 3758 1166 3807 omnia

60 3825 137 3875 turba
156 3825 267 3893 impleta
287 3834 361 3877 erant
381 3835 407 3878 et
427 3828 595 3881 confusione
635 3832 708 3881 sensi
727 3838 814 3881 autem
835 3837 862 3879 et
880 3829 939 3895 ipse
952 3828 1018 3880 talia
1037 3826 1116 3892 mala,
1137 3836 1165 3880 ut

61 3904 200 3977 pestquam
219 3897 378 3949 seditionem
398 3898 488 3968 effugi,
508 3901 610 3962 domus,
630 3915 698 3968 quae
717 3902 788 3951 intra
806 3899 947 3952 castellum
967 3907 1017 3964 est,
1037 3907 1064 3950 et
1082 3914 1164 3968 agre-

60 3967 139 4017 stium
157 3984 273 4021 mearum
293 3972 493 4051 possessionum
512 3972 640 4037 rapinam,
662 3986 731 4059 qnae
749 3971 820 4021 inter
841 3986 887 4020 eas
907 3984 961 4021 non
981 3979 1080 4022 sortem
1099 3971 1165 4022 sub.

53 4037 155 4090 'ierant

160 4128 212 4183 Sed
230 4130 381 4197 Bryenuius
401 4131 508 4184 ordines
524 4139 551 4183 et
566 4132 736 4201 magistratus
750 4131 827 4199 regio
847 4131 983 4183 comitatui
1003 4131 1082 4184 utiles
1097 4146 1165 4182 eou-

62 4195 173 4255 stituens
193 4209 220 4255 et
238 4201 374 4270 honores,
394 4218 569 4275 quaecuuque
589 4203 651 4256 huic
673 4203 840 4269 uidebuntur,
867 4203 985 4272 quetidie
1012 4204 1164 4267 instituens,
