2834 4750
242 267 316 340 tto
541 267 765 337 ΙΙΕΗΔΗΒ
792 265 1052 336 numurus
1381 286 1387 377 γ

237 437 317 504 κατά
352 437 390 502 τό
418 437 551 524 πάτριον
583 439 690 506 αότιόν
715 441 849 522 νόμιμον
881 445 940 523 τῆς
958 443 1043 516 ίόίας
1072 439 1341 528 προκινδυνεῦσαι

100 539 191 596 2¹⁸9
204 541 412 624 ῐοθρησκείας
432 542 489 606 καί
508 543 642 615 πόλεις.
690 545 759 606 ἀλλ’
779 541 839 605 oriz
865 536 1075 624 η’όυνήθησαν
1105 544 1213 623 μέχρι
1236 535 1342 611 παντός

237 643 416 722 α’ντισχεῖν·
469 640 524 706 διά
550 644 674 706 πολλόν
705 639 769 725 γάρ
793 644 901 724 μερόν
927 643 1137 725 περισχόντες
1164 637 1292 712 αιῖτοός
1318 636 1342 700 oi

233 737 398 822 Ῥωμαῖοι,
420 741 476 807 καί
500 741 596 829 τόλμῃ
625 745 727 826 πολλῇ
754 747 811 807 καί
842 739 953 816 όπλοις
981 738 1145 826 ἑκηβόλοις
1167 739 1232 805 καί
1253 763 1344 804 συνο-

237 844 365 930 σπισμᾷ
386 841 652 926 καταπλήξαντες,
676 841 887 927 όορυκτήτους
907 837 1026 916 αότοός
1048 845 1279 926 πεποιήκασιν.
1300 841 1363 904 snit

237 945 274 1007 όί
293 965 328 1026 γε
351 946 410 1028 τής
439 943 639 1029 άιιροκόλεας
662 941 742 1028 (ἔστι
769 942 832 1026 γάρ
856 944 1003 1017 ἐπίπεδος
1021 947 1082 1023 μὲν
1102 941 1161 1006 κοί
1186 935 1277 1022 αότή
1300 942 1347 1002 κοί

236 1043 273 1130 τῇ
293 1043 385 1110 πόλει
400 1041 599 1126 όμόστοιχος,
619 1048 737 1126 τείχεσι
753 1048 789 1108 δὲ
806 1041 1022 1128 ὑψηλοτάτοις
1036 1038 1116 1125 όγαν
1133 1047 1196 1107 καί
1219 1037 1346 1124 πόργοις
1393 1084 1394 1113 2

235 1143 357 1228 άερίοις
380 1145 607 1228 πεπυκνωμένη
635 1146 691 1208 κατ’
712 1138 780 1208 οἷον
803 1144 980 1228 άνάλοντος)
1011 1144 1050 1206 οό
1071 1144 1232 1228 τοιαότην
1260 1133 1346 1223 εόρον

238 1241 269 1310 οἱ
286 1245 440 1327 Ῥωμαῖοι
457 1244 517 1330 τήν
543 1247 707 1310 ειίκολίαν·
750 1249 852 1310 ἐκεῖσε
871 1243 935 1328 γάρ
957 1245 1277 1330 είσιόνΣαροκηνυόν
1296 1243 1347 1304 οόν

236 1347 453 1432 εόαρίθμητον
487 1352 610 1431 πλῆθος
640 1351 828 1431 ἐρρωμένως
869 1347 1024 1430 η’μόνατο.
1083 1347 1144 1410 oei«
1152 1344 1229 1431 μήν
1255 1342 1374 1426 μέχριίθ

235 1450 354 1538 πολλοό
374 1449 430 1533 τήν
452 1447 600 1533 φυλακήν
621 1451 677 1530 τής
698 1443 798 1530 άκρας
818 1455 924 1532 τηρεῖν
945 1443 1170 1532 ἠδυνήθησαν·
1218 1443 1346 1510 κυκλόσε
1395 1484 1396 1515 p

236 1549 298 1632 γάρ
324 1547 342 1611 ό
363 1545 515 1628 βασιλεός
544 1545 653 1624 ὅπλοις
673 1552 729 1614 καί
743 1557 903 1632 μηχαναῖς
933 1546 1052 1622 πότοός
1071 1551 1278 1625 κατατείνας,
1300 1545 1345 1607 καί
1395 1542 1396 1547 ¹

238 1648 443 1730 πετροβόλοις
465 1646 610 1732 ὀργάνοις
629 1649 686 1713 καί
705 1648 808 1724 τόξοις
837 1647 881 1722 tic
900 1647 1013 1732 νιφάσι
1034 1651 1279 1725 κατακοπείσας,
1301 1641 1347 1705 καί

145 1815 148 1824 ,
195 1803 199 1810 .
237 1747 365 1832 χοόματι
386 1747 444 1831 τήν
465 1745 585 1813 άλοσσιν
600 1753 635 1812 όκ
656 1753 839 1831 πολιορκίας
851 1749 1101 1828 ἐπιδειξάμενος,
1125 1746 1345 1813 ὑποσπόνδους
1396 1776 1397 1819 γ

237 1845 397 1932 πεποιήκε.
421 1847 673 1934 πρεσβεύσαντες
688 1849 748 1931 γάρ
765 1852 822 1913 καί
841 1849 1028 1930 σογγνιόμης
1047 1857 1157 1930 τυχεῖν
1169 1838 1375 1930 αι’τησάμε-15
1396 1903 1397 1924 ,

239 1971 299 2032 τοι,
319 1954 374 2014 καί
393 1942 509 2034 λότρον
530 1951 586 2034 τήν
606 1948 765 2034 ἱκετηρίαν
784 1951 932 2013 οότιόντε
949 1952 1004 2013 καί
1021 1947 1179 2032 γυναικοῖν
1202 1949 1264 2012 καί
1274 1945 1343 2008 σοι’·
1396 1930 1397 1965 ³

240 2055 305 2116 διον
327 2054 381 2116 καί
403 2053 460 2135 τῆς
480 2054 591 2136 λοιπῆς
610 2051 723 2127 οόσιάς
742 2054 957 2134 προθέμενοι,
979 2049 1035 2114 τόν
1057 2051 1193 2131 βασιλέα
1216 2047 1345 2113 saredit-
1397 2080 1398 2117 t

240 2147 392 2236 σοόπησον
414 2154 468 2216 καί
492 2157 555 2217 τεόν
584 2149 661 2218 κατά
687 2149 806 2216 σκοπόν
828 2150 868 2213 od
889 2151 1072 2235 διήμαρτον.
1123 2145 1343 2234 κυριεύσαντες

242 2255 278 2318 δὲ
299 2251 355 2317 καί
375 2256 431 2338 τῆς
452 2253 656 2340 α’κροπόλειος
688 2250 718 2317 οἱ
737 2251 909 2332 Ῥωμαῖοι,
931 2251 1153 2334 μεσιτεόοντος
1172 2260 1243 2326 τοῖς
1265 2243 1344 2330 πρό·
1397 2302 1398 2309 ,

126 2413 130 2426 ,
240 2378 358 2439 γμοσιν
383 2353 502 2440 ιίνδρός
521 2356 693 2439 Ἀσσυρίου
716 2358 774 2437 μὲν
803 2350 839 2420 τό
859 2356 948 2437 γένος
975 2359 1113 2441 γέννημα
1133 2355 1189 2438 τῆς
1208 2348 1374 2435 μεγάληςί0

238 2454 432 2538 Ἀντιοχείας
462 2454 689 2539 τυγχάνοντος,
711 2448 817 2540 άκροος
848 2459 879 2519 δ’
906 2457 1116 2541 ἐξησκημένον
1141 2454 1198 2538 τήν
1217 2476 1253 2519 τε
1268 2449 1343 2515 ‘Po-

241 2553 359 2641 μαϊκήν
381 2546 497 2641 σοφίαν
518 2560 572 2620 κατ’
593 2558 763 2621 παίδευσιν
783 2556 839 2622 καί
860 2554 916 2641 τήν
928 2559 1000 2626 τοῖν
1017 2558 1214 2640 Σαροιιηνοῖν
1234 2549 1289 2619 (tad
1310 2547 1340 2611 tl>

242 2660 294 2741 τῆς
315 2652 443 2742 φάσεως
466 2650 616 2734 εόσταλὲς
637 2660 691 2722 καί
709 2655 885 2743 μετειόρον,
908 2657 963 2723 καί
990 2659 1176 2744 προσίοιτος
1199 2647 1343 2737 ου’μηχά-

241 2780 303 2833 νιος
324 2756 362 2844 τῇ
384 2755 570 2842 α’κροπόλιι,
589 2761 645 2823 καί
664 2757 722 2835 τός
742 2759 842 2834 πόλος
862 2759 1024 2836 Ῥωσικοῖς
1045 2750 1154 2837 ὅπλοις
1177 2758 1212 2822 όν
1234 2756 1280 2841 τῷ
1299 2749 1339 2813 εἷ·

164 3042 169 3053 ’
244 3026 344 3083 cultum
370 3032 506 3099 proprium
531 3033 676 3086 defendere
705 3042 732 3086 et
749 3034 856 3086 urbemt
884 3033 932 3086 sed
956 3048 1010 3084 non
1028 3038 1173 3099 potnerunt
1190 3044 1240 3098 per
1260 3025 1340 3081 omnia

183 3156 187 3167 ,
243 3103 348 3155 durare.
390 3118 439 3170 per
465 3104 561 3157 multas
582 3106 651 3157 eninr
670 3115 760 3171 partes
786 3107 979 3157 circumdantes
1009 3120 1055 3155 eos
1074 3103 1169 3156 Graeci
1190 3110 1216 3153 et
1234 3098 1337 3153 audacia

244 3174 327 3226 multa
347 3183 373 3227 et
397 3177 476 3227 armis
503 3177 604 3230 eminus
629 3178 717 3230 missis
743 3187 770 3229 et
798 3184 932 3229 scutorum
958 3176 1102 3226 certamine
1121 3181 1254 3225 terrentes
1272 3168 1337 3223 bello

244 3254 403 3313 captoseos
424 3248 562 3300 iecerunt:
583 3265 641 3299 cunr
661 3256 749 3299 autem
763 3250 831 3300 arcia
853 3252 909 3316 (est
924 3249 992 3298 enim
1012 3262 1098 3314 aeque
1118 3253 1145 3295 et
1162 3247 1219 3312 ipss
1239 3252 1268 3294 et
1285 3238 1337 3292 urbi

244 3318 334 3369 vicina
346 3324 372 3367 et
382 3320 463 3369 muris
482 3319 619 3371 altissimis
639 3319 719 3371 valde
732 3328 759 3371 et
768 3320 883 3371 turribus
903 3320 990 3369 aereis
1003 3320 1105 3369 firmata
1116 3324 1143 3367 et
1154 3312 1336 3383 quodammodo

244 3390 360 3513 inuictag
378 3403 432 3451 non
452 3389 532 3439 talem
551 3392 707 3441 invenirent
718 3390 812 3442 Graeci
832 3390 1003 3462 facilitatem,
1019 3421 1057 3454 ¹-
1075 3387 1142 3439 illuc
1162 3388 1232 3439 enim
1251 3387 1337 3453 ingre-

245 3460 320 3515 diens
359 3473 530 3510 amoenorum
556 3475 611 3509 nou
639 3476 722 3526 parva
746 3460 887 3513 multitudo
916 3461 1022 3512 fortiter
1049 3459 1157 3511 arcebat
1174 3490 1209 3506 ψ-
1227 3474 1282 3509 uon
1300 3455 1338 3505 diu

245 3531 407 3598 praesidium
426 3530 495 3581 arcis
516 3544 625 3581 servare
644 3538 795 3595 potuerunt.
818 3531 889 3596 Gyro
910 3533 979 3583 enim
1004 3548 1052 3583 rex
1070 3534 1150 3583 armis
1170 3538 1197 3581 et
1215 3527 1336 3580 machinis

246 3617 293 3654 eos
312 3616 435 3668 premens
456 3609 483 3652 et
501 3600 642 3665 catapultis
662 3610 689 3650 ct
714 3600 809 3653 iaculis
828 3610 858 3653 ut
874 3605 946 3655 nivis
965 3604 1135 3655 multitudine
1154 3600 1292 3664 iaculans,
1316 3601 1338 3645 ei

246 3672 321 3725 vallo
341 3673 567 3741 expugnationem
587 3687 620 3721 ex
639 3672 839 3738 oppugnatione
857 3675 971 3737 minans,
991 3675 1110 3726 inducias
1126 3680 1248 3741 petentes
1269 3669 1334 3722 iecit.

245 3742 351 3812 legatos
371 3745 441 3795 eninr
459 3744 594 3794 mittentes
611 3750 637 3792 et
656 3743 760 3792 veniam
781 3751 903 3810 petentes
924 3754 951 3797 et
963 3746 1064 3812 piaculi
1083 3760 1164 3796 causa
1182 3758 1278 3812 preces
1294 3754 1336 3791 au-

184 3842 186 3849 ·
246 3814 305 3865 xiiii
323 3828 384 3865 suas
411 3822 437 3864 et
464 3812 603 3864 mulierum
630 3822 656 3865 et
684 3812 827 3865 liberorum
856 3826 882 3868 et
903 3817 1025 3884 reliquae
1044 3816 1224 3883 possessionis
1243 3825 1336 3881 propo-

245 3892 340 3937 nentes
368 3899 459 3953 regem
484 3883 626 3951 supplicati
651 3893 712 3937 sunt
738 3894 764 3937 et
788 3902 802 3936 a
829 3890 968 3956 proposito
995 3903 1050 3939 non
1075 3888 1249 3939 aberrarunt:
1268 3879 1336 3952 potiti

245 3963 332 4009 autern
362 3956 440 4008 etiarn
467 3971 529 4007 arce
556 3955 649 4008 Graeci
674 3973 718 4008 res
746 3959 908 4032 aniliante
933 3960 1039 4012 homine
1066 3960 1196 4024 Assyrio,
1215 3958 1336 4025 originem

247 4044 262 4079 e
280 4041 375 4095 magua
393 4026 536 4080 Antiochia
555 4028 677 4093 ducente,
698 4037 725 4080 et
743 4030 823 4082 valde
842 4032 989 4082 exercitato
1009 4034 1037 4082 in
1056 4030 1216 4083 Graecorum
1229 4030 1337 4095 ‘sapien-

247 4100 284 4153 tia
304 4106 330 4150 st
350 4098 518 4153 institutione
538 4108 564 4152 et
580 4100 771 4154 Saracenorum
789 4111 900 4169 propter
917 4111 1037 4154 naturam
1065 4100 1173 4153 iacilem
1192 4098 1336 4156 oscelsus,

248 4171 438 4227 etacoeuenre
457 4180 518 4243 apte
537 4173 570 4227 ad
588 4189 677 4227 arcem
688 4180 715 4224 et
732 4182 824 4240 portas
842 4174 947 4227 Rosiois
966 4175 1046 4226 armis
1063 4172 1240 4242 ingrediendo
1259 4168 1337 4222 obsti·
