2834 4750
197 239 271 330 sot
460 209 701 316 'menimis
735 242 996 314 immonis

194 413 370 497 συνήγαγε·
411 411 549 494 κατέγνω
570 409 631 494 γὰρ
653 411 715 476 τῶν
730 407 898 493 Ῥωμαιλον
918 410 1078 490 ἀσέβειαν,
1100 402 1149 472 ὅτι
1174 403 1213 471 ἐν
1239 427 1327 470 τοι-

196 513 278 600 αύτη
302 513 424 598 φοβερᾷ
446 512 501 581 καί
522 513 691 598 θαυμασία
714 506 827 599 ἡμέρα,
855 506 926 592 ἥτις
947 502 1066 590 ἑορτῶν
1086 508 1177 572 ἐστίν
1199 502 1326 591 ἑορτή,

195 612 252 690 τὰς
273 619 387 696 χεῖρας
408 607 490 704 κατοὶΙ
507 612 744 696 Χριστιανινοόν
768 607 913 691 αἱμάτων
935 609 1124 698 ε’ξιόπλισαν,
1145 605 1198 691 μὴ
1216 605 1325 693 ἐφει-

195 717 290 796 μένον
323 705 360 776 ι’ίν
395 714 428 778 έν
456 708 556 798 ταύτῃ
585 719 650 785 τοῖς
679 708 863 795 ὄρθοδόξοις
892 714 977 795 μηδὲ
1005 708 1084 773 κατὰ
1109 703 1325 793 οἷλλοφιὲλοσν

149 845 151 850 ·
196 815 352 892 έπεξιέναι
381 809 436 877 καί
463 807 520 896 την
552 808 649 897 χάριν
683 809 825 894 ὑβριζειν
855 813 911 895 τῆς
946 808 1161 884 ἀναστάσεως.
1218 804 1349 888 dumgio

197 913 307 999 πράως
339 913 464 986 τούτοις
495 910 719 998 προσενεχθείς
749 915 804 978 κατ’
824 915 1031 991 συμπαθείας
1062 904 1207 988 ἀξιώσας
1226 909 1321 974 ἀντέ-

196 1019 284 1080 λασε.
328 1012 401 1090 τούς
423 1014 458 1078 δὲ
478 1017 679 1098 τραυματίας
700 1015 736 1078 έν
750 1021 819 1088 ταῖς
839 1012 961 1094 κώμαις
981 1010 1131 1094 ἀπέθετο,
1152 997 1215 1096 τῆν
1237 1011 1320 1076 ἐπι.

177 1119 326 1198 ’μέλειαν
349 1115 453 1182 αὐτῶν
479 1115 652 1196 ἐπιτρέψας
677 1111 947 1198 ἅπαραλόγιοεον.

300 1220 409 1282 Ταῦτα
443 1219 501 1280 soei
527 1218 684 1296 dentitione
715 1209 1184 1298 nseaaqndso;,<uesq'nss}as
1209 1213 1322 1278 αὑτὸν

198 1313 277 1400 πρές
308 1315 366 1399 τήν
395 1311 512 1394 ἔξοδον.
555 1311 722 1398 γενόμενος
744 1306 816 1376 οὖν.
832 1315 865 1377 ἐν
886 1317 926 1402 τῇ
949 1316 1116 1394 ἐπισκέψει
1138 1313 1205 1377 τῶν
1229 1316 1363 1382 Με-ίθ

197 1419 368 1499 λαγγειίον,
401 1413 456 1478 καί
482 1411 560 1480 sossi
587 1413 703 1498 μικρὸν
733 1415 895 1497 α’θροίζοον
924 1410 981 1496 την
1006 1409 1179 1494 στρατιάν,
1208 1407 1317 1476 ὁπότε

199 1515 281 1596 ια’μὲ
304 1511 383 1597 πρὸς
411 1510 468 1596 τήν
501 1512 603 1599 αὐτὴν
624 1510 824 1599 λειτουργίαν
852 1510 897 1597 μη
920 1516 1055 1578 θέλοντα
1077 1513 1185 1576 ἐλθεῖν
1210 1536 1315 1596 κατη-
1411 1580 1412 1583 ¹

199 1611 332 1697 odysseos
362 1617 404 1701 τῷ
434 1617 496 1677 ταῖν
518 1620 693 1700 πατρικίων
727 1611 898 1699 τετιμηκώς
922 1612 1100 1695 οἶξιοίματι,
1124 1615 1228 1696 μέχρι
1249 1614 1315 1675 τοῦ

199 1714 383 1799 Δορνλαίοο
410 1711 469 1797 τὴν
502 1712 606 1800 φορὰν
641 1713 823 1799 ἐποιήσατο.
881 1718 981 1779 ἐκεῖσε
1011 1716 1047 1778 δὲ
1079 1721 1162 1794 τρεῖς
1183 1711 1313 1796 ἡμέρας

199 1815 559 1904 προσκαρτερήσαντος,
592 1816 739 1902 πρέσβεις
772 1808 846 1899 ἧκον
879 1813 912 1878 ἐκ
933 1819 991 1879 τοῦ
1024 1815 1230 1900 Κρισπίνοιι,
1252 1811 1358 1896 ιη’ν15
1411 1865 1412 1870 1

200 1913 370 2000 ὁμολογίαν
397 1919 455 2000 τῆς
481 1915 666 1995 desidiosae
694 1921 813 1981 ἐκείνου
833 1921 947 2005 σαφοῦς
979 1913 1315 1999 οἷπαγγίλλοντεςωί
1411 1936 1412 1941 ’

139 2007 145 2016 ’
198 2019 255 2103 την
278 2015 449 2102 α’πολογίαν
474 2019 527 2103 τῆς
549 2021 773 2094 α’ντιοτάσεως.
824 2023 881 2082 καί
902 2017 1011 2094 διπλοῦς
1033 2016 1213 2100 ἀμνηστίαν
1235 2016 1313 2078 ἐπι-

200 2119 337 2204 ζητήσας
358 2122 420 2184 res
440 2118 514 2204 πρίν
533 2122 720 2204 γενομένων,
741 2118 784 2195 ὥς
798 2118 901 2184 αὐτοῦ
924 2119 968 2204 μη“
988 2121 1134 2192 θέλοντος
1156 2121 1313 2196 πολεμεῖν
1411 2112 1412 2179 l

200 2215 230 2286 οἱ
245 2214 399 2301 Ῥωμαῖοι
426 2217 744 2305 προσοπαντὴσαντες
771 2216 1031 2303 κατηνέγκασαν,
1058 2215 1153 2299 ἔτυχε
1175 2217 1234 2298 τῆς
1257 2215 1310 2278 αι’-
1411 2214 1412 2217 ’

199 2317 335 2405 τηοειος,
361 2324 420 2385 τοῦ
452 2326 609 2405 βασιλέως
642 2323 826 2408 περιχαραῑς
861 2323 1033 2403 δεξαμένου
1066 2315 1125 2403 τὴν
1153 2315 1353 2400 τοιαύτηνσς

200 2419 368 2505 ὁμολογίαν
395 2421 448 2487 διὰ
473 2424 505 2490 sd
529 2428 584 2489 τοῦ
615 2420 734 2508 α’νιλρός
753 2431 894 2506 γενναῖον
919 2426 974 2486 κατ’
993 2420 1073 2505 πρὸς
1089 2418 1148 2496 τοὶς
1171 2426 1309 2498 πολεμι-

200 2518 258 2601 ιιιές
280 2524 409 2610 πράξεις
440 2528 497 2593 καί
518 2525 676 2603 διατάξεις
705 2525 873 2603 ἐπίδοξον·
916 2527 972 2588 καί
991 2522 1051 2609 γάρ
1074 2525 1129 2587 καί
1156 2518 1307 2605 Τούρκεον

200 2792 255 2838 tom
281 2784 365 2852 igitur
390 2784 545 2852 praesidens
574 2785 728 2838 Latinorum
752 2786 880 2854 princeps
898 2800 952 2838 non
976 2784 1196 2853 intempestivum
1213 2799 1305 2855 neque

200 2857 319 2923 ineptum
338 2864 498 2909 conventum
514 2858 684 2910 convocavit.
722 2858 856 2911 damnavit
876 2859 949 2909 enim
965 2858 1126 2910 Graecorum
1138 2858 1304 2923 impietatem

201 2926 273 2997 quod
291 2926 338 2981 tali
357 2928 460 2996 ingenti
480 2937 506 2982 et
526 2929 674 2983 admirabili
695 2930 749 2995 die,
769 2930 840 2997 quod
860 2938 901 2981 est
922 2929 1050 2981 festorum
1076 2928 1183 2992 festum,
1209 2944 1304 2979 manns

201 3005 293 3053 contra
313 2998 521 3053 Christianorum
541 3004 696 3071 sanguinem
722 3000 909 3069 paravissent,
936 3017 995 3052 eum
1021 3014 1077 3053 non
1096 3000 1240 3053 essetnec
1261 3000 1305 3051 die

200 3072 358 3139 permissum
378 3072 532 3126 orthodoxis
550 3090 585 3125 ne
604 3082 697 3127 contra
709 3082 834 3141 'paganos
854 3074 959 3140 quidem
979 3072 1081 3139 egredi,
1094 3080 1121 3122 et
1132 3070 1304 3123 clementiam

202 3142 311 3195 eludere
328 3147 534 3198 resurrectionis
553 3147 661 3198 domini.
701 3154 789 3197 tamen
815 3144 961 3195 clementer
985 3158 1032 3195 eos
1054 3149 1175 3200 *tractans
1206 3151 1233 3194 et
1250 3143 1304 3193 mi.

201 3214 347 3266 sericordia
368 3216 480 3285 dignans
498 3217 614 3282 dimisit,
635 3216 788 3271 vulneratos
806 3222 894 3267 autem
911 3216 939 3265 in
960 3215 1036 3283 pagis
1056 3214 1189 3280 deposuit,
1210 3229 1302 3265 ennam

200 3284 234 3337 iis
254 3286 395 3339 advertens
415 3287 594 3340 infallibilem.
623 3289 688 3339 haec
707 3279 1304 3356 postquamrenaudivit,=exeitavenunt'eum

201 3357 302 3409 aditor.

300 3446 414 3499 versans
433 3447 515 3513 igitur
533 3447 560 3497 in
581 3448 723 3512 provincia
742 3446 878 3515 (delectu)
899 3446 1100 3513 llelangeorum
1111 3454 1138 3497 et
1152 3443 1231 3496 brevi
1252 3460 1302 3496 eo.

201 3533 268 3585 gens
288 3518 443 3581 exereitum,
463 3531 516 3585 quo
535 3525 656 3583 tempore
676 3518 755 3567 etiam
774 3532 816 3567 me
836 3519 869 3569 ad
887 3518 956 3569 idem
976 3517 1094 3569 officinm
1113 3516 1228 3568 invitum
1253 3532 1303 3567 ae-

202 3589 299 3639 eedero
328 3588 440 3655 coegit,
468 3587 640 3653 patriciorum
659 3588 794 3639 honorans
810 3588 956 3657 dignitate:
977 3604 1062 3657 usque
1088 3587 1121 3639 ad
1140 3586 1302 3652 Dorylaeum

201 3659 326 3724 impetum
348 3659 420 3710 feeit.
459 3658 496 3709 ibi
514 3665 602 3710 autem
620 3666 675 3709 tres
695 3658 753 3709 dies
773 3675 805 3710 eo
826 3660 936 3711 durante
953 3660 1036 3728 legati
1053 3666 1213 3710 venerante
1227 3660 1301 3713 Gris-

201 3729 266 3795 pino
286 3730 483 3782 confessionem
501 3729 639 3781 servitutis
659 3728 734 3782 illius
752 3738 845 3796 aperte
863 3732 1033 3783 nuntiantes:
1053 3730 1113 3799 (hio
1143 3729 1224 3781 colon
1250 3745 1301 3797 po-

202 3799 316 3850 nendum
335 3807 362 3850 et
380 3800 521 3866 sequentia
537 3800 570 3851 ad
588 3799 701 3852 alterum
720 3804 883 3854 enuntiatum
902 3802 1045 3871 trahenda)
1056 3809 1083 3854 et
1103 3801 1302 3853 exeusationem

202 3868 341 3921 seditionis
363 3877 389 3919 et
407 3884 461 3920 uno
479 3870 562 3923 verbo
583 3873 688 3924 veniam
707 3888 838 3941 quaerens
857 3874 1099 3937 autesiodorum,
1120 3888 1181 3923 eum
1198 3888 1229 3924 se
1257 3873 1301 3923 in-

203 3939 286 3992 vitum
304 3939 337 3991 ad
355 3939 456 3991 bellum
475 3944 628 4011 coegissent
647 3953 821 3997 occurrentes
846 3945 951 4009 Graeci,
978 3945 1038 4012 (hio
1065 3958 1167 3995 comma
1193 3958 1302 4009 ponen-

202 4011 276 4077 dum)
297 4010 406 4077 adeptus
427 4022 467 4065 est
488 4016 557 4083 quod
576 4018 700 4084 petierat,
725 4033 792 4085 nege
810 4016 956 4073 laetissime
975 4017 1125 4083 accipiente
1144 4014 1227 4066 talem
1237 4029 1301 4080 pro.

203 4081 356 4164 sessionem,
378 4093 486 4152 propter
505 4087 557 4140 viri
582 4088 749 4141 nobilitatem
775 4089 886 4157 eiusque
912 4095 1004 4138 centra
1034 4087 1151 4140 hostium
1178 4085 1251 4138 iacta
1277 4093 1302 4137 et

204 4166 277 4209 acies
292 4152 414 4223 gloriam.
452 4161 549 4214 etenim
570 4163 647 4213 etism
667 4161 758 4213 'iureis
777 4167 855 4212 antea
868 4173 1012 4211 occurrens
1022 4158 1302 4227 multitudinemagns
