2834 4750
204 235 274 304 112
493 223 711 291 ntcnnunts
746 212 1007 284 brunnum

201 422 232 463 οι
221 398 400 473 πολέμιοι
432 397 503 464 ταῖς
536 411 614 450 κατα
605 385 782 463 μέτωπον
806 383 993 459 ἱσταμέναις
1027 370 1087 438 δύο
1110 366 1330 452 παρατάξεσι

201 491 431 610 πλησιάσαντες
462 490 568 576 (αἰιῆν
599 488 628 549 d‘
657 481 702 548 ἔτι
733 482 749 546 ὅ
783 484 840 547 τοῦ
869 478 984 544 Χάλειι
1016 475 1173 560 άμηρᾶς·
1231 491 1330 548 ονομα

202 594 305 681 τούτῳ
333 585 579 674 Μαχμοάτιος),
611 611 661 649 και
658 577 939 666 α’κροβολισμοιλς
966 572 1212 661 ποιησάμενοι,
1234 589 1331 647 παρε-

202 695 298 761 λάσαι
320 697 377 772 μὲν
392 700 495 768 τινας
494 693 557 757 τοῖν
574 689 741 767 Ῥωμαίων
757 683 837 765 πρὸς
859 681 977 754 αυτοιλς
992 675 1263 760 κατηνάγκασαν
1283 670 1332 732 καλ
1391 696 1392 699 “

156 781 171 792 ’
204 799 253 870 tir
274 799 367 859 τοῦτο
389 796 444 856 καί
463 794 548 877 τρῖς
552 784 762 870 πεποιήκασι,
784 787 839 847 κατ’
867 781 964 844 πάλιν
985 773 1235 892 διεγειρόμενοι
1258 764 1351 832 τοτ’-5

204 919 278 971 τους
291 891 504 982 άντέστρεφον
521 885 692 956 bueo-‘tan’
678 910 710 950 εν
723 879 816 972 ἑτέρα
826 886 862 948 δὲ
876 880 1021 965 συμβολῇ
1034 875 1165 959 τροπὴν
1188 866 1331 954 ποιησά-

204 1020 293 1077 μενοι
313 998 377 1059 τοῖν
390 991 637 1078 νιαρελαοάντων
651 986 758 1052 ουκέτι
775 982 857 1050 κατά
871 981 928 1059 τάς
949 979 1108 1061 προτέρας
1130 967 1331 1054 προσβολάς
1396 976 1398 1091 γ

204 1096 366 1212 γεγόνασιν
395 1092 642 1176 οάισθόρμητοι,
666 1091 735 1152 ἀλλ’
768 1084 912 1168 α’κρατοός
944 1077 1114 1150 ἐλάσαντες
1140 1079 1260 1156 μέχρι
1279 1077 1331 1152 τῆς
1396 1107 1398 1152 i

202 1196 266 1260 τοῖιν
286 1198 512 1277 στρατηλατων
535 1187 696 1276 φάλαγγος
718 1211 765 1262 εις
787 1192 902 1268 χεῖρας
925 1183 1033 1254 αιλτοῖς
1056 1170 1331 1257 συνερράγησαν,
1396 1254 1397 1257 ¹

203 1291 259 1358 καί
279 1295 472 1376 τρεψάμενοι
494 1293 623 1384 ταύτην,
648 1314 702 1352 και
725 1282 937 1383 παρελθόντες
958 1278 992 1346 τά
1007 1304 1069 1343 τιον
1087 1277 1232 1359 σχολῶν
1254 1269 1330 1336 σάν·
1338 1263 1398 1343 10¹

71 1393 476 1480 t189v.roypto‚noitoric
497 1397 555 1474 μὲν
579 1392 715 1466 ἀνεῖλον,
739 1409 816 1460 τους
836 1387 871 1448 δὲ
889 1378 1018 1456 λοιιιοιλς
1038 1385 1157 1465 φυγεῖν
1177 1375 1330 1457 αἰσχράς

205 1496 453 1580 κατηνάγκασαν,
471 1492 504 1558 ἐν
520 1496 606 1580 δεξιᾶ
623 1488 847 1561 καταλιπόντες
862 1481 895 1548 τά
914 1490 978 1546 τῶν
996 1480 1121 1562 σχολῶν
1135 1474 1328 1557 σύνταγμα,

206 1619 282 1677 οπερ
314 1592 450 1676 τὴντῶν
476 1589 591 1675 ἑτέρων
622 1587 704 1672 ὁρῶν
729 1579 826 1671 ἧτταν
858 1608 931 1649 ουτε
959 1580 1225 1664 παραβοηθῆσαι
1256 1597 1329 1637 oves
1396 1659 1398 1673 Ι

206 1720 237 1760 τι
260 1696 375 1776 πρᾶξαι
406 1691 633 1778 στρατιωτικὸν
664 1689 874 1773 ε’μελὲτησεν,
900 1687 969 1747 ἄλλ’
1007 1675 1046 1764 ἦν
1073 1678 1327 1762 ντετιαγοομένον,
1396 1682 1397 1687 ’

208 1819 250 1868 ως
281 1819 320 1857 av
348 1791 432 1882 λάθῃ
455 1793 528 1868 τούς
562 1795 725 1865 ἐναντίους
748 1791 782 1853 ἐκ
817 1791 871 1870 τῆς
899 1783 1055 1868 ἐρημαίας
1086 1777 1360 1859 διανοούμενονιι

207 1893 360 1968 στάσεως
393 1897 510 1959 ἔστιδ’
534 1895 792 1976 υσοστρὲψαντες
816 1913 845 1952 οι
869 1891 1014 1966 πολέμιοι
1034 1880 1079 1949 τά
1092 1884 1210 2000 τάγμα
1233 1900 1324 1944 τουτο
1396 1855 1398 1961 λ

205 1996 300 2074 μόνον
329 1989 424 2079 sopor
457 1999 593 2078 α’γενναις
626 1990 875 2076 προιστάμενον,
903 2013 988 2070 ταχυ
1025 2011 1076 2050 και
1109 1982 1234 2048 τούτου
1267 1976 1324 2060 τὴν

206 2089 305 2180 ἧτταν
326 2099 532 2179 ειργάσαντο,
555 2093 689 2170 αολλους
709 2097 768 2173 μὲν
790 2092 998 2181 άνηρηκότες,
1024 2111 1099 2164 τους
1126 2087 1159 2149 δὲ
1183 2077 1323 2151 λοιαους

207 2197 305 2271 ε’ῑς
274 2223 328 2278 τον
348 2199 550 2280 παρεμβολὴν
573 2198 850 2274 κατακλείσαντες,
891 2217 943 2256 και
976 2189 1014 2254 τά
1043 2195 1159 2274 σημεῖα
1198 2181 1323 2248 τούτων

206 2301 419 2383 στρατηγικῶς
440 2296 653 2384 ἀφελόμενοι,
674 2289 755 2359 άλοτε
778 2299 835 2358 καί
853 2316 933 2366 τινες
953 2295 1016 2357 τῶν
1039 2288 1238 2371 Σαρακηνῶν
1261 2297 1354 2352 umbi

206 2398 361 2479 ταβάντες
381 2425 445 2463 των
467 2399 580 2479 inemo,
603 2423 655 2463 και
680 2396 815 2472 ιιολλους
840 2400 904 2460 τιόν
925 2392 1130 2478 στρατιωτῶν
1150 2390 1319 2471 τραχηλο-

206 2522 409 2581 memus,
429 2498 485 2575 τάς
508 2497 648 2583 κεφαλας
661 2522 783 2563 τουτων
804 2500 849 2573 εἰς
871 2494 1032 2619 ἔνδειγμα
1043 2495 1097 2576 τῆς
1120 2493 1210 2573 αι’κης
1236 2484 1315 2567 πρὸς

206 2597 241 2663 τὸ
267 2597 379 2663 Χάλειι
404 2599 601 2664 άιιὲστειλαν.
652 2600 722 2663 τότε
750 2602 856 2664 τοινυν
882 2594 968 2680 κάγά
992 2595 1032 2659 ου’
1056 2596 1213 2658 τοσοῦτον
1236 2587 1317 2651 dnt-

280 2787 307 2839 2.
328 2784 447 2859 ὀνόματι
465 2786 508 2841 (λ’

210 2984 318 3027 terreno
344 2982 420 3027 aestu
447 2978 485 3029 iit.
523 2985 576 3029 tum
595 2978 678 3047 igitur
703 2975 780 3029 brevi
798 2975 890 3048 hostes
910 2973 1039 3027 stantibus
1066 2972 1193 3024 nironte
1212 2968 1312 3024 duobus

211 3043 347 3098 ordinibus
379 3051 623 3117 appropinquantes
650 3051 758 3119 (aberat
783 3038 873 3099 autem
899 3047 1034 3097 etiamtum
1058 3044 1171 3111 Chalepi
1200 3056 1309 3103 emeras,

209 3132 306 3170 nomeu
326 3117 588 3190 buicMachmutius)
610 3131 636 3173 et
648 3122 752 3188 proelia
774 3119 904 3171 facientes
923 3117 1070 3183 procedere
1090 3116 1218 3184 quosdam
1229 3114 1309 3168 Grae.

211 3204 302 3242 corum
322 3190 355 3239 ad
373 3205 402 3240 se
422 3201 584 3259 coegerunt,
613 3201 639 3243 et
657 3192 698 3243 bis
718 3193 769 3243 boc
790 3199 816 3241 et
834 3198 876 3241 ter
897 3188 1019 3240 fecerunt
1046 3195 1073 3238 et
1090 3203 1181 3238 rursus
1205 3184 1309 3238 excitati

210 3261 260 3312 hos
278 3268 418 3311 verterunt
436 3270 518 3314 retro.
556 3264 583 3314 in
603 3262 688 3313 altero
704 3270 792 3313 autem
811 3263 911 3327 impetu
931 3268 1068 3327 postquem
1087 3265 1229 3309 verterunt
1248 3271 1307 3324 pro-

211 3332 337 3383 cedentes
357 3346 412 3382 non
434 3335 484 3384 iam
504 3342 534 3383 ut
552 3335 578 3384 in
596 3333 732 3400 prioribus
757 3331 959 3384 occursionibus
980 3331 1174 3393 discesserunt,
1194 3330 1268 3382 sed'
1259 3343 1307 3379 nn-
1396 3342 1398 3352 ·

211 3410 336 3470 potenter
355 3401 470 3467 profecti
488 3420 573 3471 usque
592 3406 624 3455 ad
646 3406 831 3471 magistrorum
854 3403 968 3454 miiitum
987 3401 1147 3470 pbalangem
1169 3402 1203 3454 ad
1222 3413 1308 3453 manus

210 3475 244 3527 iis
267 3475 434 3539 irruperunt,
458 3482 485 3531 et
503 3483 641 3526 vertentes
661 3492 717 3525 eam
743 3482 770 3524 et
789 3474 903 3539 proiecti
923 3482 1015 3526 contra
1040 3472 1191 3525 scholarum
1211 3472 1306 3525 Palati-

187 3560 304 3603 ¹narum
324 3544 443 3595 ordinem
468 3547 566 3598 multos
595 3545 804 3608 interfecerunt,
834 3544 955 3613 reliquos
972 3554 1059 3608 autem
1085 3546 1182 3613 fugere
1199 3545 1307 3612 turpiter

212 3623 370 3683 coegerunt,
389 3616 510 3666 adextra
524 3616 709 3683 relinquentes
720 3614 872 3667 scholarum
886 3619 1015 3682 ordinem,
1028 3633 1074 3685 qur
1091 3617 1206 3668 aliorum
1218 3616 1306 3668 videns
1396 3639 1397 3642 ι

212 3686 312 3739 cladem
333 3701 422 3753 neque
452 3688 553 3737 auxilio
579 3687 674 3738 venire
699 3702 787 3754 neque
805 3703 888 3755 agere
908 3689 970 3757 quid
996 3689 1112 3740 militare
1132 3688 1247 3751 studuit,
1264 3685 1304 3737 sed

211 3758 316 3823 rigebat
345 3764 472 3821 reputans
498 3756 614 3843 proptei.
639 3757 789 3810 solitariam
813 3762 1031 3813 constitutionem
1055 3760 1188 3827 quomodo
1216 3760 1306 3811 lateret

211 3829 311 3881 hostes.
333 3842 391 3876 eum
408 3836 495 3878 autem
513 3831 616 3881 reversi
634 3828 725 3883 hostes
744 3831 863 3882 ordinem
882 3833 953 3884 hune
972 3832 1058 3884 solnm
1078 3834 1233 3885 invenirent
1254 3840 1304 3883 tnr-

210 3902 282 3970 piter
310 3906 490 3965 prostantem,
520 3902 645 3954 celeriter
664 3900 742 3956 buius
761 3902 863 3955 cladem
882 3904 1070 3971 perfecerunt,
1099 3905 1190 3956 multis
1204 3903 1303 3964 occisis,
1395 3944 1398 3967 ,

211 3970 325 4037 reliquis
345 3978 432 4021 autem
453 3975 546 4026 castris
565 3973 692 4027 inclusi-s
700 3982 727 4026 et
752 3976 837 4043 signis
857 3976 950 4028 borum
974 3975 1083 4028 militari
1107 3978 1186 4027 modo
1205 3974 1304 4035 ablatis,
1396 4013 1398 4032 t

213 4044 255 4093 ita
270 4050 300 4092 ut
318 4043 397 4092 etiam
417 4044 521 4109 quidam
548 4046 739 4101 Saracenorum
760 4049 835 4115 equis
860 4047 1054 4099 descendentes
1076 4054 1103 4098 et
1120 4046 1219 4098 multos
1236 4046 1304 4097 mili-

212 4118 254 4169 tes
276 4114 428 4171 occidentes
442 4118 528 4185 capita
545 4118 638 4172 horum
652 4119 731 4186 signo
752 4118 883 4173 victoriae
897 4118 1086 4186 adGbalepum
1094 4120 1239 4170 mitterent.
1257 4126 1304 4170 tau
