2834 4750
508 255 716 367 ursronur
780 324 783 330 ,
1094 257 1169 328 ors

27 421 247 502 δραγαθίας
262 421 318 502 καί
338 416 427 502 δόξης
447 413 518 484 ’όσον
541 411 632 496 οὗτος
654 419 908 506 ὑπερηκόντισεν,
932 420 975 497 ῶς
991 417 1073 506 μήτε
1095 426 1173 488 τοό-

25 542 89 584 τον
115 513 224 598 οἵξιον
258 513 340 584 εἶναι
371 521 543 602 προγόνους
575 516 705 600 ἐτέρους
726 518 811 602 ἐχειν
841 514 863 604 ἢ
890 524 1026 600 ἐκείνους
1045 519 1171 606 μόνους,

26 618 115 703 μήτ’
143 619 301 693 ἐκείνους
319 619 476 702 οἷπόγονον
493 619 644 704 sessove
667 618 722 688 τόν
742 624 799 685 νόν
819 621 1069 707 εὑφημοόμενον.
1093 619 1171 709 ὑπερ

30 718 74 810 δή
105 723 234 796 καλῶς
258 723 367 783 ποιοῦν
391 724 446 784 καί
465 723 671 804 συνέδραμεν.
900 802 903 807 ¹
1042 719 1047 733 ‘

6 835 18 887 3
143 818 201 888 ‘H
222 824 282 904 μὲν
305 813 360 887 οὑν
380 823 566 905 τοῦγένους
588 821 687 887 αὑτοῦ
711 818 863 888 α’νιοτότα
877 822 933 888 καί
952 821 1059 908 πρῶτη
1082 818 1172 932 σειροῖι

32 927 73 990 ἐκ
98 927 175 990 τῶν
195 909 374 988 ’Φωκοὶδιον
396 927 521 988 ἐκείνων
546 919 712 1010 ῶρμηται,
736 923 902 989 Φωκόδων
920 915 965 990 οὑν
985 928 1073 1000 κλέος
1094 926 1173 1009 εόρυ
1325 978 1329 981 .

33 1022 131 1091 κατὰ
158 1029 278 1089 πᾶσαν
297 1025 355 1107 γῆν
376 1047 410 1088 τε
432 1026 488 1088 καί
509 1023 688 1090 θάλασσαν.
733 1017 819 1089 οὑτοι
838 1022 900 1108 γόρ
921 1025 1096 1111 ὑπερφυῶς
1115 1030 1177 1090 τῶν
1214 1108 1216 1115 Ι

37 1119 160 1192 όιλλιον
181 1120 228 1189 τό
252 1121 368 1210 κράτος
392 1127 426 1190 ἐν
449 1128 623 1206 βασιλείοις
643 1129 816 1213 ἐκέκτηντο,
837 1131 1043 1212 στρατηγίαις
1065 1149 1099 1190 τε
1123 1129 1178 1192 καί

37 1231 285 1312 δημαγωγίαις
317 1227 371 1291 καί
399 1227 533 1315 α’νδρείῳ
563 1233 714 1311 βραχίονι
742 1231 797 1292 καί
821 1234 931 1311 γένους
965 1227 1177 1312 ἐπισημότητι

6 1344 29 1398 ,0
40 1329 181 1406 πάντας
208 1331 356 1406 ἐπιεικῶς
386 1329 632 1414 ὑπεραίροντες·
676 1326 859 1416 ἐνενήκοντα
879 1327 938 1413 γὰρ
973 1327 1029 1392 καί
1047 1327 1103 1392 δόο
1126 1351 1177 1412 γε·

41 1429 126 1506 νεόις
162 1431 402 1514 εὐημεροῦντες
433 1427 512 1494 κατοί
541 1427 576 1494 τὸ
604 1435 738 1515 συνεχὲς
774 1428 853 1496 κατοὶ
883 1427 1009 1496 πάντων
1032 1422 1118 1512 εἶχον
1138 1425 1175 1504 τοὶ

42 1529 243 1616 νικητήρια,
264 1530 400 1615 μηδενός
422 1526 702 1620 οόνθαμιλληθῆναι
723 1531 901 1613 δυναμένου
921 1533 977 1595 καί
1000 1533 1178 1616 συγκριθῆ-

44 1657 105 1696 ναι
127 1634 177 1720 aa}
204 1633 287 1720 γένει
309 1633 371 1694 τῶν
396 1626 559 1697 Φωκοὶότον
580 1631 661 1717 ὑπὲρ
685 1633 819 1714 α’νδρίας
842 1625 863 1716 ἢ
886 1632 1108 1716 α’νδραγαθίας
1129 1655 1177 1697 τι.
1233 1646 1236 1650 ·

48 1733 110 1810 νὸς
141 1727 167 1816 ἢ
196 1733 354 1808 ὑπατείας
383 1736 534 1817 μεγίστης
567 1736 623 1797 καί
643 1736 835 1819 στρατηγίας
863 1732 1047 1819 ἐπιφανοῦς.
1090 1732 1178 1798 εἶδέ

6 1849 37 1902 15
50 1857 105 1910 τις
135 1834 325 1916 οἷνοιδροόμοι
345 1833 425 1919 πρός
447 1834 505 1918 την
526 1837 588 1898 τῶν
609 1833 793 1918 ἐνενήκοντα
823 1839 879 1900 καί
899 1831 957 1899 δόο
980 1834 1093 1917 γενεῶν
1115 1834 1178 1919 α’ρε

52 1934 121 2020 χὴν
148 1932 209 2000 καί
232 1930 392 2018 α’κρότητα
426 1939 538 2018 (μέχρι
560 1935 620 2019 γὰρ
645 1940 703 1999 τοὺ
722 1940 792 2018 τῆς
809 1937 960 2016 οἷοιδίμου
981 1932 1098 2017 λήξεως
1115 1940 1179 2016 βα-

55 2040 185 2110 σιλέως
208 2036 319 2117 κυρίου
342 2037 533 2122 Νικηφόρσυ
557 2040 613 2102 τοό
639 2039 739 2102 oeno
766 2033 801 2101 τό
826 2034 924 2100 ποσόν
943 2039 1006 2101 τῶν
1025 2033 1177 2100 τοιούτοιν

59 2139 311 2223 συνεψηφίζετο
332 2140 482 2222 γενεῶν),
508 2135 637 2221 εὑρήσει
661 2139 874 2219 κατηγμένσυς
895 2135 1013 2211 αότοός
1034 2126 1097 2198 οἷπό
1121 2137 1179 2200 τοὺ

59 2239 292 2320 τρισμακαρος
326 2235 381 2300 καί
399 2233 542 2320 μεγάλου
564 2239 828 2317 Κιουσταντίνου,
858 2239 916 2300 τοὺ
937 2233 1062 2301 πάντων
1082 2239 1179 2316 βασι-

14 2341 150 2409 totone
172 2337 344 2423 ὑπέρτερον
364 2339 533 2423 ἐσχηκότος
553 2340 666 2420 κρότος
689 2337 723 2402 ἐν
751 2336 927 2421 ὑπεροχαῖς
950 2331 1180 2420 α’γοονισμότυν

60 2442 252 2521 πολεμικῶν
275 2441 330 2504 καί
349 2441 405 2503 τοῦ
427 2434 506 2521 ὑπὲρ
529 2442 584 2524 τῆς
608 2440 774 2521 εόσεβείας
794 2438 903 2522 ζήλου,
924 2436 967 2513 ῶς
990 2440 1045 2501 καί
1064 2433 1205 2502 teani-f

61 2549 186 2606 στολου
216 2545 404 2626 λογισθῆναι
433 2540 488 2604 καί
514 2545 569 2625 τῆς
600 2540 802 2624 Χριστιανῶν
830 2535 1004 2622 οἶμωμήτου
1045 2537 1179 2612 πίστεως

63 2644 212 2728 κρηπῖδα
234 2646 422 2731 τελεσθῆναι
443 2646 499 2709 καί
519 2640 680 2730 πρόβολον.
725 2631 816 2717 οὑτος
834 2638 895 2726 γὰρ
918 2636 980 2704 α’πό
1003 2641 1058 2723 τῆς
1078 2660 1177 2725 πρεσ.

68 2950 109 3000 ita
128 2955 160 3001 ut
178 2962 267 3017 neque
293 2948 338 3000 hie
357 2948 451 3019 dignus
471 2939 569 3013 fuerit,
589 2948 634 3018 qni
652 2946 767 3000 maiores
792 2945 860 2999 alios
884 2946 997 2998 haberet
1014 2952 1094 3014 atque
1112 2943 1176 2999 illos

68 3020 165 3085 solos,
186 3036 276 3088 neque
294 3019 353 3085 illi,
374 3022 419 3089 qni
438 3028 595 3089 prognatum
615 3017 696 3073 aliurn
715 3018 845 3069 haberent
862 3025 991 3085 aequem
1008 3032 1080 3069 nuno
1099 3015 1176 3066 cele.

67 3088 203 3145 bromos:
223 3091 250 3142 id
269 3094 338 3159 quod
356 3092 426 3144 bene
454 3094 589 3144 convenit.
1078 3113 1082 3120 ¹
1184 3115 1188 3117 ἡ

177 3178 288 3233 Generis
308 3182 389 3249 igitur
410 3183 467 3234 eius
487 3195 609 3248 suprema
629 3187 655 3230 et
672 3180 757 3247 prima
776 3185 871 3229 eatena
890 3192 924 3229 ex
940 3166 1108 3229 Phooadibns
1120 3174 1176 3227 illis

69 3253 145 3315 exit,
167 3266 278 3320 quorum
297 3252 384 3321 gloria
403 3253 456 3304 lata
475 3255 502 3304 in
521 3253 592 3302 omni
621 3259 691 3303 terra
709 3258 789 3318 atque
808 3251 875 3301 rnari
894 3255 935 3301 est
955 3246 1127 3316 pervulgata:
1147 3246 1176 3296 hi

70 3325 143 3375 enirn
162 3324 246 3391 magis
264 3324 361 3376 ceteris
380 3326 526 3391 potentiam
545 3324 574 3374 in
586 3324 678 3391 regnis
697 3321 749 3375 sibi
769 3319 1129 3387 comparaverant,imperiis
1149 3324 1177 3368 et

69 3393 169 3461 populi
188 3393 383 3462 gubernatione
403 3404 431 3447 et
449 3395 523 3448 virili
542 3410 620 3446 mann
641 3402 667 3445 et
685 3394 795 3461 generis
826 3391 971 3459 splendore
996 3404 1089 3441 ornnes
1118 3387 1175 3439 fere

68 3471 245 3531 superantes:
272 3480 320 3530 per
346 3468 492 3535 nonaginta
512 3468 582 3517 enirn
602 3473 628 3517 et
646 3465 711 3518 duas
731 3472 832 3516 aetates
861 3463 957 3515 felices
975 3469 1123 3531 perpetuo,
1142 3460 1176 3510 de

70 3534 196 3588 omnibns
217 3536 389 3600 reportabant
406 3546 526 3605 tropaea,
557 3554 616 3590 eum
643 3552 722 3593 nemo
743 3538 872 3588 resistere
891 3542 983 3602 posset
1013 3540 1039 3583 et
1064 3546 1176 3597 eompa-

69 3606 126 3657 rari
146 3605 241 3672 generi
263 3605 413 3657 Phocadnrn
432 3609 465 3659 de
483 3611 583 3663 virtute
602 3608 647 3661 vel
667 3608 824 3661 fortitudine
843 3606 888 3658 vei
915 3606 1045 3673 dignitate
1063 3603 1176 3677 maxirna

72 3685 99 3728 et
120 3677 235 3743 imperio
255 3676 362 3743 amplo:
382 3679 404 3729 si
423 3681 482 3745 quis
501 3688 589 3731 autern
608 3680 733 3733 ascendat
751 3680 784 3731 ad
802 3679 962 3745 principium
987 3682 1014 3726 et
1041 3675 1176 3741 fastigium

72 3755 191 3799 aetatum
210 3748 357 3816 nonaginta
376 3748 486 3801 duarum
504 3755 603 3819 (usque
636 3754 705 3803 enim
734 3750 767 3801 ad
793 3765 885 3817 regern
913 3746 1067 3800 venerando
1096 3744 1174 3797 modo

72 3820 237 3884 defunctum,
256 3820 390 3871 dominum
408 3820 597 3889 Nicephorum,
617 3824 699 3875 filium
720 3820 827 3873 Phooae
852 3827 893 3871 tot
922 3826 1023 3870 aetates
1048 3832 1174 3869 numera.

72 3890 195 3961 bantur),
214 3892 337 3943 inveniet
357 3906 403 3945 eos
423 3892 550 3945 deductos
571 3909 587 3944 a
605 3895 646 3945 tei
665 3894 744 3945 beato
765 3900 792 3943 et
810 3906 906 3960 magno
926 3889 1112 3953 Constantino,
1129 3892 1173 3958 qui

75 3962 241 4027 superiorem
261 3978 338 4031 qnam
358 3978 448 4015 omnes
469 3979 549 4032 reges
568 3964 660 4016 habuit
678 3964 864 4030 potentiamin
878 3963 1029 4028 principatu
1048 3962 1174 4012 eertanri.

74 4047 136 4085 num
157 4034 318 4087 bellicorum
339 4042 365 4085 et
383 4036 462 4089 studii
481 4036 599 4103 pietatis,
619 4036 657 4085 ita
675 4042 703 4085 ut
724 4025 802 4085 etiarn
821 4032 937 4102 apostoli
956 4034 1039 4086 instar
1057 4032 1173 4085 habere-

76 4110 118 4153 tur
138 4113 164 4156 et
178 4107 303 4159 sincerae
324 4106 521 4162 Ghistianorum
539 4107 601 4159 fidei
622 4106 821 4158 fundamentum
839 4106 923 4159 fieret
942 4113 969 4157 et
985 4121 1083 4158 murus.
1129 4104 1173 4164 hio

79 4174 148 4227 eninr
166 4182 199 4232 ex
217 4188 311 4233 vetere
330 4179 414 4235 Roma
431 4179 596 4237 transferens
614 4193 727 4247 regnum
745 4178 911 4245 Byzantium,
932 4194 966 4233 ex
984 4192 1036 4247 quo
1061 4176 1172 4232 Maxen-
