<?xml version="1.0" encoding="UTF-8"?>
<!DOCTYPE html PUBLIC "-//W3C//DTD XHTML 1.0 Transitional//EN"
    "http://www.w3.org/TR/xhtml1/DTD/xhtml1-transitional.dtd">
<html xmlns="http://www.w3.org/1999/xhtml" xml:lang="en" lang="en">
 <head>
  <title>
</title>
<meta http-equiv="Content-Type" content="text/html;charset=utf-8" />
  <meta name='ocr-system' content='tesseract 3.04.00' />
  <meta name='ocr-capabilities' content='ocr_page ocr_carea ocr_par ocr_line ocrx_word'/>
</head>
<body>
  <div class='ocr_page' id='page_1' title='image "./corpusscriptoru24theogoog/corpusscriptoru24theogoog_0071.png"; bbox 0 0 2834 4750; ppageno 0'>
   <div class='ocr_carea' id='block_1_1' title="bbox 518 258 1172 345">
    <p class='ocr_par' dir='ltr' id='par_1_1' title="bbox 518 258 1172 345">
     <span class='ocr_line' id='line_1_1' title="bbox 518 258 1172 345; baseline 0.002 -11"><span class='ocrx_word' id='word_1_1' title='bbox 518 263 727 336; x_wconf 80' lang='lat' dir='ltr'><strong>msnoau.</strong></span> <span class='ocrx_word' id='word_1_2' title='bbox 1054 339 1057 345; x_wconf 67' lang='grc'>,</span> <span class='ocrx_word' id='word_1_3' title='bbox 1123 258 1172 336; x_wconf 75' lang='grc'><strong><em>49</em></strong></span> 
     </span>
    </p>
   </div>
   <div class='ocr_carea' id='block_1_2' title="bbox 8 419 1308 2721">
    <p class='ocr_par' dir='ltr' id='par_1_2' title="bbox 8 419 1308 2721">
     <span class='ocr_line' id='line_1_2' title="bbox 65 419 1303 517; baseline 0.006 -31"><span class='ocrx_word' id='word_1_4' title='bbox 65 425 211 496; x_wconf 78' lang='grc' dir='ltr'><strong><em>εἰσέλθοι</em></strong></span> <span class='ocrx_word' id='word_1_5' title='bbox 228 421 284 506; x_wconf 73' lang='grc' dir='ltr'><strong><em>τῆς</em></strong></span> <span class='ocrx_word' id='word_1_6' title='bbox 304 421 397 509; x_wconf 73' lang='grc' dir='ltr'><strong><em>α’κοῆς</em></strong></span> <span class='ocrx_word' id='word_1_7' title='bbox 410 422 519 510; x_wconf 75' lang='grc' dir='ltr'><strong><em>αὐτοῦ,</em></strong></span> <span class='ocrx_word' id='word_1_8' title='bbox 534 434 690 508; x_wconf 76' lang='grc' dir='ltr'><strong><em>τιμωρίαν</em></strong></span> <span class='ocrx_word' id='word_1_9' title='bbox 703 427 791 514; x_wconf 75' lang='grc' dir='ltr'><strong><em>αύτῷ</em></strong></span> <span class='ocrx_word' id='word_1_10' title='bbox 805 427 955 512; x_wconf 86' lang='grc' dir='ltr'><strong><em>μεγίστην</em></strong></span> <span class='ocrx_word' id='word_1_11' title='bbox 964 429 1019 492; x_wconf 86' lang='grc' dir='ltr'><strong><em>καί</em></strong></span> <span class='ocrx_word' id='word_1_12' title='bbox 1033 419 1191 517; x_wconf 73' lang='grc' dir='ltr'><strong><em>θάνατον’</em></strong></span> <span class='ocrx_word' id='word_1_13' title='bbox 1263 481 1265 485; x_wconf 84' lang='grc'>.</span> <span class='ocrx_word' id='word_1_14' title='bbox 1292 434 1303 441; x_wconf 81' lang='grc'><strong><em>’</em></strong></span> 
     </span>
     <span class='ocr_line' id='line_1_3' title="bbox 66 519 1175 613; baseline 0.004 -25"><span class='ocrx_word' id='word_1_15' title='bbox 66 524 264 607; x_wconf 71' lang='grc' dir='ltr'><strong><em>ἐπιτίθησιν.’</em></strong></span> <span class='ocrx_word' id='word_1_16' title='bbox 281 524 434 608; x_wconf 87' lang='grc' dir='ltr'><strong><em>κέχρηται</em></strong></span> <span class='ocrx_word' id='word_1_17' title='bbox 450 526 485 588; x_wconf 80' lang='grc' dir='ltr'><strong><em>δὲ</em></strong></span> <span class='ocrx_word' id='word_1_18' title='bbox 498 529 534 612; x_wconf 79' lang='grc' dir='ltr'><strong><em>τῇ</em></strong></span> <span class='ocrx_word' id='word_1_19' title='bbox 552 521 620 609; x_wconf 79' lang='grc' dir='ltr'><strong><em>ῥινί</em></strong></span> <span class='ocrx_word' id='word_1_20' title='bbox 636 519 696 591; x_wconf 82' lang='grc' dir='ltr'><strong><em>ὅσα</em></strong></span> <span class='ocrx_word' id='word_1_21' title='bbox 708 525 765 591; x_wconf 79' lang='grc' dir='ltr'><strong><em>καί</em></strong></span> <span class='ocrx_word' id='word_1_22' title='bbox 777 531 878 612; x_wconf 84' lang='grc' dir='ltr'><strong><em>χειρί·</em></strong></span> <span class='ocrx_word' id='word_1_23' title='bbox 898 524 964 593; x_wconf 76' lang='grc' dir='ltr'><strong><em>ἔστι</em></strong></span> <span class='ocrx_word' id='word_1_24' title='bbox 980 527 1042 613; x_wconf 81' lang='grc' dir='ltr'><strong><em>γύρ</em></strong></span> <span class='ocrx_word' id='word_1_25' title='bbox 1061 525 1097 594; x_wconf 65' lang='lat' dir='ltr'><strong><em>w*</em></strong></span> <span class='ocrx_word' id='word_1_26' title='bbox 1109 533 1175 612; x_wconf 81' lang='grc' dir='ltr'><strong><em>μῆ-</em></strong></span> 
     </span>
     <span class='ocr_line' id='line_1_4' title="bbox 67 619 1175 713; baseline 0.005 -28"><span class='ocrx_word' id='word_1_27' title='bbox 67 646 124 699; x_wconf 86' lang='grc' dir='ltr'><strong><em>κος</em></strong></span> <span class='ocrx_word' id='word_1_28' title='bbox 137 620 220 710; x_wconf 79' lang='grc' dir='ltr'><strong><em>αύτῇ</em></strong></span> <span class='ocrx_word' id='word_1_29' title='bbox 234 619 312 687; x_wconf 81' lang='grc' dir='ltr'><strong><em>κατύ</em></strong></span> <span class='ocrx_word' id='word_1_30' title='bbox 329 622 500 709; x_wconf 79' lang='grc' dir='ltr'><em>σάλπιγγα,</em></span> <span class='ocrx_word' id='word_1_31' title='bbox 524 628 578 690; x_wconf 82' lang='grc' dir='ltr'><strong><em>καί</em></strong></span> <span class='ocrx_word' id='word_1_32' title='bbox 599 628 641 689; x_wconf 90' lang='grc' dir='ltr'><strong><em>δι’</em></strong></span> <span class='ocrx_word' id='word_1_33' title='bbox 655 624 753 710; x_wconf 80' lang='grc' dir='ltr'><strong><em>αύτῆς</em></strong></span> <span class='ocrx_word' id='word_1_34' title='bbox 769 624 853 692; x_wconf 81' lang='grc' dir='ltr'><strong><em>ύπαν</em></strong></span> <span class='ocrx_word' id='word_1_35' title='bbox 869 630 1005 713; x_wconf 78' lang='grc' dir='ltr'><strong><em>ἐνεργεῖ·</em></strong></span> <span class='ocrx_word' id='word_1_36' title='bbox 1028 629 1064 694; x_wconf 80' lang='grc' dir='ltr'><strong><em>τὸ</em></strong></span> <span class='ocrx_word' id='word_1_37' title='bbox 1083 624 1175 693; x_wconf 89' lang='grc' dir='ltr'><strong><em>διδύ-</em></strong></span> 
     </span>
     <span class='ocr_line' id='line_1_5' title="bbox 69 721 1178 810; baseline 0.007 -24"><span class='ocrx_word' id='word_1_38' title='bbox 69 743 168 803; x_wconf 88' lang='grc' dir='ltr'><strong><em>μενον</em></strong></span> <span class='ocrx_word' id='word_1_39' title='bbox 190 724 245 786; x_wconf 90' lang='grc' dir='ltr'><strong><em>καί</em></strong></span> <span class='ocrx_word' id='word_1_40' title='bbox 258 730 323 797; x_wconf 77' lang='grc' dir='ltr'><strong><em>τοῖς</em></strong></span> <span class='ocrx_word' id='word_1_41' title='bbox 342 721 421 788; x_wconf 79' lang='grc' dir='ltr'><strong><em>κακοὶ</em></strong></span> <span class='ocrx_word' id='word_1_42' title='bbox 444 726 527 790; x_wconf 79' lang='grc' dir='ltr'><strong><em>νῶτα</em></strong></span> <span class='ocrx_word' id='word_1_43' title='bbox 541 727 733 809; x_wconf 70' lang='grc' dir='ltr'><strong><em>καθημένοις</em></strong></span> <span class='ocrx_word' id='word_1_44' title='bbox 754 727 937 810; x_wconf 79' lang='grc' dir='ltr'><strong><em>ἦνιοχούσιν</em></strong></span> <span class='ocrx_word' id='word_1_45' title='bbox 956 725 1054 794; x_wconf 88' lang='grc' dir='ltr'><strong><em>αύτόν</em></strong></span> <span class='ocrx_word' id='word_1_46' title='bbox 1067 729 1178 794; x_wconf 83' lang='grc' dir='ltr'><strong><em>ύναδί-</em></strong></span> 
     </span>
     <span class='ocr_line' id='line_1_6' title="bbox 32 821 1174 915; baseline 0.006 -29"><span class='ocrx_word' id='word_1_47' title='bbox 32 825 161 904; x_wconf 71' lang='lat' dir='ltr'><strong>semaa,</strong></span> <span class='ocrx_word' id='word_1_48' title='bbox 178 823 235 886; x_wconf 82' lang='grc' dir='ltr'><strong><em>καί</em></strong></span> <span class='ocrx_word' id='word_1_49' title='bbox 253 821 310 908; x_wconf 77' lang='grc' dir='ltr'><strong><em>την</em></strong></span> <span class='ocrx_word' id='word_1_50' title='bbox 330 825 451 910; x_wconf 78' lang='grc' dir='ltr'><strong><em>τροφὴν</em></strong></span> <span class='ocrx_word' id='word_1_51' title='bbox 466 827 672 910; x_wconf 80' lang='grc' dir='ltr'><strong><em>παραπέμπει</em></strong></span> <span class='ocrx_word' id='word_1_52' title='bbox 686 831 731 915; x_wconf 79' lang='grc' dir='ltr'><strong><em>τῷ</em></strong></span> <span class='ocrx_word' id='word_1_53' title='bbox 748 825 894 908; x_wconf 84' lang='grc' dir='ltr'><strong><em>στόματι,</em></strong></span> <span class='ocrx_word' id='word_1_54' title='bbox 915 826 970 891; x_wconf 72' lang='grc' dir='ltr'><strong><em>κατ’</em></strong></span> <span class='ocrx_word' id='word_1_55' title='bbox 990 821 1085 893; x_wconf 80' lang='grc' dir='ltr'><strong><em>ὅπλον</em></strong></span> <span class='ocrx_word' id='word_1_56' title='bbox 1107 831 1174 893; x_wconf 78' lang='grc' dir='ltr'><strong><em>κατ’</em></strong></span> 
     </span>
     <span class='ocr_line' id='line_1_7' title="bbox 33 917 1173 1018; baseline 0.004 -33"><span class='ocrx_word' id='word_1_57' title='bbox 33 1014 38 1018; x_wconf 87' lang='lat'><em>.</em></span> <span class='ocrx_word' id='word_1_58' title='bbox 70 919 201 1007; x_wconf 71' lang='grc' dir='ltr'><strong><em>ἐχθροῖν</em></strong></span> <span class='ocrx_word' id='word_1_59' title='bbox 222 918 290 1004; x_wconf 80' lang='grc' dir='ltr'><strong><em>ἔχει</em></strong></span> <span class='ocrx_word' id='word_1_60' title='bbox 314 921 369 987; x_wconf 85' lang='grc' dir='ltr'><strong><em>καί</em></strong></span> <span class='ocrx_word' id='word_1_61' title='bbox 383 917 580 1008; x_wconf 71' lang='grc' dir='ltr'><strong><em>ἀμυντήριον</em></strong></span> <span class='ocrx_word' id='word_1_62' title='bbox 600 921 775 1009; x_wconf 84' lang='grc' dir='ltr'><strong><em>δύσμαχον.</em></strong></span> <span class='ocrx_word' id='word_1_63' title='bbox 819 925 933 1009; x_wconf 84' lang='grc' dir='ltr'><strong><em>λα’ροις</em></strong></span> <span class='ocrx_word' id='word_1_64' title='bbox 956 929 992 993; x_wconf 82' lang='grc' dir='ltr'><strong><em>δὲ</em></strong></span> <span class='ocrx_word' id='word_1_65' title='bbox 1013 927 1173 1002; x_wconf 83' lang='grc' dir='ltr'><strong><em>παντοίοις</em></strong></span> 
     </span>
     <span class='ocr_line' id='line_1_8' title="bbox 64 1016 1172 1112; baseline 0.002 -24"><span class='ocrx_word' id='word_1_66' title='bbox 64 1017 88 1106; x_wconf 77' lang='grc' dir='ltr'><strong><em>ἦ</em></strong></span> <span class='ocrx_word' id='word_1_67' title='bbox 109 1029 251 1106; x_wconf 78' lang='grc' dir='ltr'><strong><em>χαλινοῖς</em></strong></span> <span class='ocrx_word' id='word_1_68' title='bbox 273 1023 334 1107; x_wconf 84' lang='grc' dir='ltr'><strong><em>ούχ</em></strong></span> <span class='ocrx_word' id='word_1_69' title='bbox 355 1022 486 1110; x_wconf 85' lang='grc' dir='ltr'><strong><em>ύπείκει,</em></strong></span> <span class='ocrx_word' id='word_1_70' title='bbox 507 1023 576 1089; x_wconf 78' lang='grc' dir='ltr'><strong><em>ἄλλ’</em></strong></span> <span class='ocrx_word' id='word_1_71' title='bbox 598 1024 616 1109; x_wconf 82' lang='grc' dir='ltr'><em>ἦ</em></span> <span class='ocrx_word' id='word_1_72' title='bbox 634 1023 783 1111; x_wconf 84' lang='grc' dir='ltr'><strong><em>αἴσθησις</em></strong></span> <span class='ocrx_word' id='word_1_73' title='bbox 803 1029 892 1112; x_wconf 79' lang='grc' dir='ltr'><strong><em>αύτηῖ</em></strong></span> <span class='ocrx_word' id='word_1_74' title='bbox 910 1016 1091 1092; x_wconf 80' lang='grc' dir='ltr'><strong><em>τοῦποιεῖν</em></strong></span> <span class='ocrx_word' id='word_1_75' title='bbox 1114 1021 1172 1092; x_wconf 78' lang='grc' dir='ltr'><strong><em>ὅσα</em></strong></span> 
     </span>
     <span class='ocr_line' id='line_1_9' title="bbox 62 1123 1171 1212; baseline 0.004 -26"><span class='ocrx_word' id='word_1_76' title='bbox 62 1131 132 1199; x_wconf 82' lang='grc' dir='ltr'><strong><em>τοῖς</em></strong></span> <span class='ocrx_word' id='word_1_77' title='bbox 155 1123 317 1208; x_wconf 79' lang='grc' dir='ltr'><strong><em>ἢνιοχοδσι</em></strong></span> <span class='ocrx_word' id='word_1_78' title='bbox 337 1125 553 1212; x_wconf 80' lang='grc' dir='ltr'><strong><em>βεβούλευται,</em></strong></span> <span class='ocrx_word' id='word_1_79' title='bbox 573 1125 704 1202; x_wconf 83' lang='grc' dir='ltr'><strong><em>πέλεκύς</em></strong></span> <span class='ocrx_word' id='word_1_80' title='bbox 729 1130 798 1192; x_wconf 84' lang='grc' dir='ltr'><strong><em>εὀτι</em></strong></span> <span class='ocrx_word' id='word_1_81' title='bbox 814 1126 893 1192; x_wconf 80' lang='grc' dir='ltr'><strong><em>κατὰ</em></strong></span> <span class='ocrx_word' id='word_1_82' title='bbox 917 1132 1050 1210; x_wconf 88' lang='grc' dir='ltr'><strong><em>κρανίου</em></strong></span> <span class='ocrx_word' id='word_1_83' title='bbox 1071 1127 1171 1212; x_wconf 82' lang='grc' dir='ltr'><strong><em>φερό-</em></strong></span> 
     </span>
     <span class='ocr_line' id='line_1_10' title="bbox 61 1222 1308 1314; baseline 0.006 -26"><span class='ocrx_word' id='word_1_84' title='bbox 61 1247 169 1304; x_wconf 88' lang='grc' dir='ltr'><strong><em>μενος.</em></strong></span> <span class='ocrx_word' id='word_1_85' title='bbox 210 1222 337 1308; x_wconf 83' lang='grc' dir='ltr'><strong><em>χρόνοις</em></strong></span> <span class='ocrx_word' id='word_1_86' title='bbox 357 1227 392 1290; x_wconf 84' lang='grc' dir='ltr'><strong><em>δὲ</em></strong></span> <span class='ocrx_word' id='word_1_87' title='bbox 417 1231 542 1302; x_wconf 79' lang='grc' dir='ltr'><strong><em>πολλοῖς</em></strong></span> <span class='ocrx_word' id='word_1_88' title='bbox 571 1225 826 1313; x_wconf 88' lang='grc' dir='ltr'><strong><em>κυοφορούμενσς</em></strong></span> <span class='ocrx_word' id='word_1_89' title='bbox 860 1231 952 1314; x_wconf 87' lang='grc' dir='ltr'><strong><em>(δέκα</em></strong></span> <span class='ocrx_word' id='word_1_90' title='bbox 975 1225 1035 1313; x_wconf 82' lang='grc' dir='ltr'><strong><em>γύρ</em></strong></span> <span class='ocrx_word' id='word_1_91' title='bbox 1058 1231 1171 1294; x_wconf 86' lang='grc' dir='ltr'><strong><em>ε’νιαυ-</em></strong></span> <span class='ocrx_word' id='word_1_92' title='bbox 1185 1244 1204 1297; x_wconf 87' lang='lat' dir='ltr'><strong><em>t.</em></strong></span> <span class='ocrx_word' id='word_1_93' title='bbox 1220 1224 1271 1302; x_wconf 70' lang='grc'><strong><em>176</em></strong></span> <span class='ocrx_word' id='word_1_94' title='bbox 1281 1260 1308 1302; x_wconf 71' lang='grc' dir='ltr'><strong><em>γ.</em></strong></span> 
     </span>
     <span class='ocr_line' id='line_1_11' title="bbox 9 1325 1170 1414; baseline 0.006 -26"><span class='ocrx_word' id='word_1_95' title='bbox 9 1337 51 1390; x_wconf 86' lang='grc'><strong><em>10</em></strong></span> <span class='ocrx_word' id='word_1_96' title='bbox 64 1332 139 1399; x_wconf 80' lang='grc' dir='ltr'><strong><em>τοῖς·</em></strong></span> <span class='ocrx_word' id='word_1_97' title='bbox 155 1327 196 1412; x_wconf 80' lang='grc' dir='ltr'><strong><em>τῇ</em></strong></span> <span class='ocrx_word' id='word_1_98' title='bbox 215 1326 346 1414; x_wconf 73' lang='grc' dir='ltr'><strong><em>μητρῴρι</em></strong></span> <span class='ocrx_word' id='word_1_99' title='bbox 367 1325 460 1410; x_wconf 88' lang='grc' dir='ltr'><strong><em>νηδύι</em></strong></span> <span class='ocrx_word' id='word_1_100' title='bbox 492 1325 698 1410; x_wconf 83' lang='grc' dir='ltr'><strong><em>καλύπτεται)</em></strong></span> <span class='ocrx_word' id='word_1_101' title='bbox 724 1328 780 1412; x_wconf 77' lang='grc' dir='ltr'><strong><em>την</em></strong></span> <span class='ocrx_word' id='word_1_102' title='bbox 800 1331 864 1394; x_wconf 76' lang='lat' dir='ltr'><strong><em>cciv</em></strong></span> <span class='ocrx_word' id='word_1_103' title='bbox 892 1328 994 1394; x_wconf 81' lang='grc' dir='ltr'><strong><em>δστύν</em></strong></span> <span class='ocrx_word' id='word_1_104' title='bbox 1015 1330 1170 1411; x_wconf 78' lang='grc' dir='ltr'><strong><em>ἁρμονίαν</em></strong></span> 
     </span>
     <span class='ocr_line' id='line_1_12' title="bbox 63 1419 1170 1511; baseline 0.005 -21"><span class='ocrx_word' id='word_1_105' title='bbox 63 1423 207 1511; x_wconf 77' lang='grc' dir='ltr'><strong><em>σκληρὰν</em></strong></span> <span class='ocrx_word' id='word_1_106' title='bbox 227 1424 283 1496; x_wconf 82' lang='grc' dir='ltr'><strong><em>καί</em></strong></span> <span class='ocrx_word' id='word_1_107' title='bbox 303 1419 450 1508; x_wconf 75' lang='grc' dir='ltr'><strong><em>ἄτεγκτον</em></strong></span> <span class='ocrx_word' id='word_1_108' title='bbox 465 1425 543 1510; x_wconf 84' lang='grc' dir='ltr'><strong><em>πρὸς</em></strong></span> <span class='ocrx_word' id='word_1_109' title='bbox 563 1424 741 1508; x_wconf 83' lang='grc' dir='ltr'><strong><em>ούμπτυξιν</em></strong></span> <span class='ocrx_word' id='word_1_110' title='bbox 759 1427 975 1495; x_wconf 78' lang='grc' dir='ltr'><strong><em>ἀποδείκνυσι.</em></strong></span> <span class='ocrx_word' id='word_1_111' title='bbox 998 1427 1051 1494; x_wconf 82' lang='grc' dir='ltr'><strong><em>διαὶ</em></strong></span> <span class='ocrx_word' id='word_1_112' title='bbox 1076 1435 1170 1496; x_wconf 86' lang='grc' dir='ltr'><strong><em>τούτο</em></strong></span> 
     </span>
     <span class='ocr_line' id='line_1_13' title="bbox 61 1518 1167 1614; baseline 0.007 -27"><span class='ocrx_word' id='word_1_113' title='bbox 61 1522 121 1588; x_wconf 82' lang='grc' dir='ltr'><strong><em>καί</em></strong></span> <span class='ocrx_word' id='word_1_114' title='bbox 140 1527 186 1600; x_wconf 84' lang='grc' dir='ltr'><strong><em>εἰς</em></strong></span> <span class='ocrx_word' id='word_1_115' title='bbox 205 1525 263 1608; x_wconf 80' lang='grc' dir='ltr'><strong><em>γῆν</em></strong></span> <span class='ocrx_word' id='word_1_116' title='bbox 285 1528 515 1611; x_wconf 68' lang='grc' dir='ltr'><strong><em>κατακλιθῆναι</em></strong></span> <span class='ocrx_word' id='word_1_117' title='bbox 537 1526 698 1606; x_wconf 82' lang='grc' dir='ltr'><strong><em>α’δυνατεῖ,</em></strong></span> <span class='ocrx_word' id='word_1_118' title='bbox 720 1527 764 1611; x_wconf 74' lang='grc' dir='ltr'><strong><em>μὴ</em></strong></span> <span class='ocrx_word' id='word_1_119' title='bbox 789 1518 855 1604; x_wconf 80' lang='grc' dir='ltr'><strong><em>οἷός</em></strong></span> <span class='ocrx_word' id='word_1_120' title='bbox 874 1552 908 1593; x_wconf 96' lang='grc' dir='ltr'><strong><em>τε</em></strong></span> <span class='ocrx_word' id='word_1_121' title='bbox 929 1523 975 1594; x_wconf 79' lang='grc' dir='ltr'><strong><em>σύν</em></strong></span> <span class='ocrx_word' id='word_1_122' title='bbox 996 1528 1035 1594; x_wconf 83' lang='grc' dir='ltr'><strong><em>τύ</em></strong></span> <span class='ocrx_word' id='word_1_123' title='bbox 1058 1524 1167 1614; x_wconf 83' lang='grc' dir='ltr'><strong><em>ύρθρα</em></strong></span> 
     </span>
     <span class='ocr_line' id='line_1_14' title="bbox 59 1623 1170 1713; baseline 0.003 -23"><span class='ocrx_word' id='word_1_124' title='bbox 59 1627 126 1690; x_wconf 75' lang='grc' dir='ltr'><strong><em>τῶν</em></strong></span> <span class='ocrx_word' id='word_1_125' title='bbox 150 1626 255 1689; x_wconf 73' lang='grc' dir='ltr'><strong><em>ποδοῖν</em></strong></span> <span class='ocrx_word' id='word_1_126' title='bbox 289 1633 360 1700; x_wconf 73' lang='grc' dir='ltr'><strong><em>ταῖς</em></strong></span> <span class='ocrx_word' id='word_1_127' title='bbox 390 1625 557 1709; x_wconf 77' lang='grc' dir='ltr'><strong><em>ἁρμονίαις</em></strong></span> <span class='ocrx_word' id='word_1_128' title='bbox 586 1623 722 1705; x_wconf 85' lang='grc' dir='ltr'><strong><em>ουνάξαι</em></strong></span> <span class='ocrx_word' id='word_1_129' title='bbox 750 1631 807 1692; x_wconf 81' lang='grc' dir='ltr'><strong><em>κατ’</em></strong></span> <span class='ocrx_word' id='word_1_130' title='bbox 835 1637 1051 1713; x_wconf 81' lang='grc' dir='ltr'><strong><em>περιαγαγεῖν.</em></strong></span> <span class='ocrx_word' id='word_1_131' title='bbox 1095 1629 1170 1694; x_wconf 81' lang='grc' dir='ltr'><strong><em>ἀντί</em></strong></span> 
     </span>
     <span class='ocr_line' id='line_1_15' title="bbox 61 1720 1169 1816; baseline 0.005 -26"><span class='ocrx_word' id='word_1_132' title='bbox 61 1728 100 1790; x_wconf 84' lang='grc' dir='ltr'><strong><em>δέ</em></strong></span> <span class='ocrx_word' id='word_1_133' title='bbox 123 1723 335 1802; x_wconf 81' lang='grc' dir='ltr'><strong><em>κατακλίσεως</em></strong></span> <span class='ocrx_word' id='word_1_134' title='bbox 357 1723 415 1810; x_wconf 77' lang='grc' dir='ltr'><strong><em>την</em></strong></span> <span class='ocrx_word' id='word_1_135' title='bbox 436 1728 481 1801; x_wconf 80' lang='grc' dir='ltr'><strong><em>εἰς</em></strong></span> <span class='ocrx_word' id='word_1_136' title='bbox 503 1729 634 1814; x_wconf 83' lang='grc' dir='ltr'><strong><em>δένδρον</em></strong></span> <span class='ocrx_word' id='word_1_137' title='bbox 656 1723 678 1811; x_wconf 76' lang='grc' dir='ltr'><em>ἢ</em></span> <span class='ocrx_word' id='word_1_138' title='bbox 697 1735 919 1816; x_wconf 81' lang='grc' dir='ltr'><strong><em>χειροποίητον</em></strong></span> <span class='ocrx_word' id='word_1_139' title='bbox 941 1720 1035 1806; x_wconf 82' lang='grc' dir='ltr'><strong><em>’ξύλον</em></strong></span> <span class='ocrx_word' id='word_1_140' title='bbox 1057 1721 1078 1814; x_wconf 78' lang='grc' dir='ltr'><em>ἢ</em></span> <span class='ocrx_word' id='word_1_141' title='bbox 1099 1738 1169 1795; x_wconf 86' lang='grc' dir='ltr'><strong><em>τοῖ-</em></strong></span> 
     </span>
     <span class='ocr_line' id='line_1_16' title="bbox 8 1823 1168 1916; baseline 0.003 -26"><span class='ocrx_word' id='word_1_142' title='bbox 8 1823 50 1892; x_wconf 76' lang='lat'><strong><em>15</em></strong></span> <span class='ocrx_word' id='word_1_143' title='bbox 55 1849 123 1911; x_wconf 85' lang='grc' dir='ltr'><strong><em>χον</em></strong></span> <span class='ocrx_word' id='word_1_144' title='bbox 147 1824 228 1893; x_wconf 81' lang='grc' dir='ltr'><strong><em>κατύ</em></strong></span> <span class='ocrx_word' id='word_1_145' title='bbox 261 1826 339 1910; x_wconf 82' lang='grc' dir='ltr'><strong><em>μίαν</em></strong></span> <span class='ocrx_word' id='word_1_146' title='bbox 369 1825 512 1911; x_wconf 78' lang='grc' dir='ltr'><strong><em>πλευρὰν</em></strong></span> <span class='ocrx_word' id='word_1_147' title='bbox 540 1836 676 1894; x_wconf 78' lang='grc' dir='ltr'><strong><em>ποιεῖται</em></strong></span> <span class='ocrx_word' id='word_1_148' title='bbox 705 1833 884 1913; x_wconf 72' lang='grc' dir='ltr'><strong><em>ἐπίκλισιν,</em></strong></span> <span class='ocrx_word' id='word_1_149' title='bbox 917 1825 1026 1916; x_wconf 79' lang='grc' dir='ltr'><strong><em>ὄρθιος</em></strong></span> <span class='ocrx_word' id='word_1_150' title='bbox 1046 1830 1168 1907; x_wconf 76' lang='grc' dir='ltr'><strong><em>τούτοις</em></strong></span> 
     </span>
     <span class='ocr_line' id='line_1_17' title="bbox 59 1925 436 2012; baseline -0.003 -20"><span class='ocrx_word' id='word_1_151' title='bbox 59 1925 306 2012; x_wconf 78' lang='grc' dir='ltr'><strong><em>ἐπερειδόμενος</em></strong></span> <span class='ocrx_word' id='word_1_152' title='bbox 327 1925 436 2008; x_wconf 84' lang='grc' dir='ltr'><strong><em>μόνον.</em></strong></span> 
     </span>
     <span class='ocr_line' id='line_1_18' title="bbox 164 2018 1167 2118; baseline 0.004 -25"><span class='ocrx_word' id='word_1_153' title='bbox 164 2027 231 2094; x_wconf 82' lang='grc' dir='ltr'><strong><em>Ἐπί</em></strong></span> <span class='ocrx_word' id='word_1_154' title='bbox 250 2025 351 2116; x_wconf 75' lang='grc' dir='ltr'><strong><em>τούτῳ</em></strong></span> <span class='ocrx_word' id='word_1_155' title='bbox 373 2030 416 2115; x_wconf 77' lang='grc' dir='ltr'><strong><em>τῷ</em></strong></span> <span class='ocrx_word' id='word_1_156' title='bbox 440 2028 511 2118; x_wconf 80' lang='grc' dir='ltr'><strong><em>ζύφ</em></strong></span> <span class='ocrx_word' id='word_1_157' title='bbox 533 2033 588 2096; x_wconf 83' lang='grc' dir='ltr'><strong><em>κατ’</em></strong></span> <span class='ocrx_word' id='word_1_158' title='bbox 609 2029 667 2114; x_wconf 80' lang='grc' dir='ltr'><strong><em>τὴν</em></strong></span> <span class='ocrx_word' id='word_1_159' title='bbox 695 2035 863 2116; x_wconf 84' lang='grc' dir='ltr'><strong><em>λεγομένην</em></strong></span> <span class='ocrx_word' id='word_1_160' title='bbox 884 2018 1167 2117; x_wconf 78' lang='grc' dir='ltr'><strong><em>καμηλοπάρδαλιν</em></strong></span> 
     </span>
     <span class='ocr_line' id='line_1_19' title="bbox 58 2127 1169 2218; baseline 0.003 -24"><span class='ocrx_word' id='word_1_161' title='bbox 58 2133 111 2207; x_wconf 67' lang='grc' dir='ltr'><strong><em>ἐξ</em></strong></span> <span class='ocrx_word' id='word_1_162' title='bbox 125 2129 293 2215; x_wconf 82' lang='grc' dir='ltr'><strong><em>Αἰγύπτου</em></strong></span> <span class='ocrx_word' id='word_1_163' title='bbox 330 2133 535 2215; x_wconf 78' lang='grc' dir='ltr'><strong><em>πεμφθεῖσαν</em></strong></span> <span class='ocrx_word' id='word_1_164' title='bbox 570 2130 658 2218; x_wconf 78' lang='grc' dir='ltr'><strong><em>αύτῷ</em></strong></span> <span class='ocrx_word' id='word_1_165' title='bbox 692 2141 759 2209; x_wconf 75' lang='grc' dir='ltr'><strong><em>τοῖς</em></strong></span> <span class='ocrx_word' id='word_1_166' title='bbox 794 2131 937 2208; x_wconf 86' lang='grc' dir='ltr'><strong><em>πολίταις</em></strong></span> <span class='ocrx_word' id='word_1_167' title='bbox 968 2127 984 2194; x_wconf 82' lang='grc' dir='ltr'><strong><em>δ</em></strong></span> <span class='ocrx_word' id='word_1_168' title='bbox 1016 2130 1169 2215; x_wconf 77' lang='grc' dir='ltr'><strong><em>βασιλεύς</em></strong></span> 
     </span>
     <span class='ocr_line' id='line_1_20' title="bbox 56 2224 1296 2316; baseline 0.002 -21"><span class='ocrx_word' id='word_1_169' title='bbox 56 2232 306 2310; x_wconf 86' lang='grc' dir='ltr'><strong><em>καθυπέδειξεν·</em></strong></span> <span class='ocrx_word' id='word_1_170' title='bbox 356 2227 424 2295; x_wconf 80' lang='grc' dir='ltr'><strong><em>ἔστι</em></strong></span> <span class='ocrx_word' id='word_1_171' title='bbox 456 2231 491 2294; x_wconf 84' lang='grc' dir='ltr'><strong><em>δὲ</em></strong></span> <span class='ocrx_word' id='word_1_172' title='bbox 534 2235 590 2296; x_wconf 89' lang='grc' dir='ltr'><strong><em>καί</em></strong></span> <span class='ocrx_word' id='word_1_173' title='bbox 627 2224 709 2316; x_wconf 81' lang='grc' dir='ltr'><strong><em>αύτη</em></strong></span> <span class='ocrx_word' id='word_1_174' title='bbox 746 2230 825 2296; x_wconf 78' lang='grc' dir='ltr'><strong><em>κατὰ</em></strong></span> <span class='ocrx_word' id='word_1_175' title='bbox 854 2228 887 2296; x_wconf 87' lang='grc' dir='ltr'><strong><em>τύ</em></strong></span> <span class='ocrx_word' id='word_1_176' title='bbox 919 2225 1019 2315; x_wconf 76' lang='grc' dir='ltr'><strong><em>ὄνομα</em></strong></span> <span class='ocrx_word' id='word_1_177' title='bbox 1050 2231 1169 2297; x_wconf 87' lang='grc' dir='ltr'><strong><em>σύνθε-</em></strong></span> <span class='ocrx_word' id='word_1_178' title='bbox 1260 2226 1296 2299; x_wconf 78' lang='grc'><strong><em>,’</em></strong></span> 
     </span>
     <span class='ocr_line' id='line_1_21' title="bbox 9 2328 1169 2419; baseline -0.003 -20"><span class='ocrx_word' id='word_1_179' title='bbox 9 2343 135 2413; x_wconf 64' lang='grc' dir='ltr'><strong><em>κῦτος,</em></strong></span> <span class='ocrx_word' id='word_1_180' title='bbox 158 2333 293 2419; x_wconf 89' lang='grc' dir='ltr'><strong><em>φολίδας</em></strong></span> <span class='ocrx_word' id='word_1_181' title='bbox 324 2333 383 2413; x_wconf 82' lang='grc' dir='ltr'><strong><em>μὲν</em></strong></span> <span class='ocrx_word' id='word_1_182' title='bbox 412 2331 599 2414; x_wconf 80' lang='grc' dir='ltr'><strong><em>παρδάλεως</em></strong></span> <span class='ocrx_word' id='word_1_183' title='bbox 629 2328 767 2414; x_wconf 81' lang='grc' dir='ltr'><strong><em>ἔχουσα,</em></strong></span> <span class='ocrx_word' id='word_1_184' title='bbox 790 2330 934 2416; x_wconf 81' lang='grc' dir='ltr'><strong><em>καμήλου</em></strong></span> <span class='ocrx_word' id='word_1_185' title='bbox 969 2334 1003 2399; x_wconf 80' lang='grc' dir='ltr'><strong><em>δέ</em></strong></span> <span class='ocrx_word' id='word_1_186' title='bbox 1033 2335 1169 2416; x_wconf 86' lang='grc' dir='ltr'><strong><em>μέγεθος</em></strong></span> 
     </span>
     <span class='ocr_line' id='line_1_22' title="bbox 59 2429 1169 2521; baseline -0.001 -23"><span class='ocrx_word' id='word_1_187' title='bbox 59 2429 126 2498; x_wconf 89' lang='grc' dir='ltr'><strong><em>σύν</em></strong></span> <span class='ocrx_word' id='word_1_188' title='bbox 159 2435 199 2521; x_wconf 79' lang='grc' dir='ltr'><strong><em>τῇ</em></strong></span> <span class='ocrx_word' id='word_1_189' title='bbox 220 2436 345 2519; x_wconf 75' lang='grc' dir='ltr'><strong><em>κεφαλῇ</em></strong></span> <span class='ocrx_word' id='word_1_190' title='bbox 366 2434 482 2518; x_wconf 75' lang='grc' dir='ltr'><strong><em>καὶτῷ</em></strong></span> <span class='ocrx_word' id='word_1_191' title='bbox 503 2431 727 2521; x_wconf 81' lang='grc' dir='ltr'><strong><em>ύποτεταμὲνηι</em></strong></span> <span class='ocrx_word' id='word_1_192' title='bbox 757 2431 814 2497; x_wconf 84' lang='grc' dir='ltr'><strong><em>καί</em></strong></span> <span class='ocrx_word' id='word_1_193' title='bbox 833 2436 936 2520; x_wconf 79' lang='grc' dir='ltr'><strong><em>λεπτῷ</em></strong></span> <span class='ocrx_word' id='word_1_194' title='bbox 967 2436 1023 2499; x_wconf 86' lang='grc' dir='ltr'><strong><em>τού</em></strong></span> <span class='ocrx_word' id='word_1_195' title='bbox 1044 2436 1169 2518; x_wconf 83' lang='grc' dir='ltr'><strong><em>τραχή-</em></strong></span> 
     </span>
     <span class='ocr_line' id='line_1_23' title="bbox 60 2526 1169 2624; baseline -0.002 -25"><span class='ocrx_word' id='word_1_196' title='bbox 60 2538 143 2619; x_wconf 79' lang='grc' dir='ltr'><strong><em>λου,</em></strong></span> <span class='ocrx_word' id='word_1_197' title='bbox 178 2529 262 2624; x_wconf 72' lang='grc' dir='ltr'><strong><em>μλην</em></strong></span> <span class='ocrx_word' id='word_1_198' title='bbox 282 2527 356 2598; x_wconf 78' lang='grc' dir='ltr'><strong><em>ὅσον</em></strong></span> <span class='ocrx_word' id='word_1_199' title='bbox 380 2528 429 2600; x_wconf 80' lang='grc' dir='ltr'><strong><em>ὅτι</em></strong></span> <span class='ocrx_word' id='word_1_200' title='bbox 460 2527 476 2596; x_wconf 82' lang='grc' dir='ltr'>ὅ</span> <span class='ocrx_word' id='word_1_201' title='bbox 509 2536 665 2619; x_wconf 81' lang='grc' dir='ltr'><strong><em>τράχηλος</em></strong></span> <span class='ocrx_word' id='word_1_202' title='bbox 697 2534 777 2623; x_wconf 78' lang='grc' dir='ltr'><strong><em>αύτῇ</em></strong></span> <span class='ocrx_word' id='word_1_203' title='bbox 814 2526 923 2619; x_wconf 77' lang='grc' dir='ltr'><strong><em>ὄρθιος</em></strong></span> <span class='ocrx_word' id='word_1_204' title='bbox 954 2528 999 2598; x_wconf 66' lang='grc' dir='ltr'><strong><em>νύν</em></strong></span> <span class='ocrx_word' id='word_1_205' title='bbox 1034 2533 1097 2616; x_wconf 84' lang='grc' dir='ltr'><strong><em>ούχ</em></strong></span> <span class='ocrx_word' id='word_1_206' title='bbox 1126 2533 1169 2609; x_wconf 76' lang='grc' dir='ltr'><strong><em>ὥς</em></strong></span> 
     </span>
     <span class='ocr_line' id='line_1_24' title="bbox 61 2626 1167 2721; baseline 0.001 -23"><span class='ocrx_word' id='word_1_207' title='bbox 61 2638 122 2719; x_wconf 83' lang='grc' dir='ltr'><strong><em>τῆς</em></strong></span> <span class='ocrx_word' id='word_1_208' title='bbox 153 2631 296 2719; x_wconf 74' lang='grc' dir='ltr'><strong><em>καμηλου</em></strong></span> <span class='ocrx_word' id='word_1_209' title='bbox 331 2636 499 2721; x_wconf 86' lang='grc' dir='ltr'><strong><em>πεποίηται</em></strong></span> <span class='ocrx_word' id='word_1_210' title='bbox 527 2632 776 2716; x_wconf 85' lang='grc' dir='ltr'><strong><em>καμπυλότατος.</em></strong></span> <span class='ocrx_word' id='word_1_211' title='bbox 834 2635 903 2699; x_wconf 76' lang='grc' dir='ltr'><strong><em>ἀλλ’</em></strong></span> <span class='ocrx_word' id='word_1_212' title='bbox 931 2626 1002 2701; x_wconf 83' lang='grc' dir='ltr'><strong><em>ούιε</em></strong></span> <span class='ocrx_word' id='word_1_213' title='bbox 1032 2637 1107 2720; x_wconf 81' lang='grc' dir='ltr'><strong><em>περὶ</em></strong></span> <span class='ocrx_word' id='word_1_214' title='bbox 1132 2635 1167 2700; x_wconf 81' lang='grc' dir='ltr'><strong><em>τὸ</em></strong></span> 
     </span>
    </p>
   </div>
   <div class='ocr_carea' id='block_1_3' title="bbox 57 2946 1167 3729">
    <p class='ocr_par' dir='ltr' id='par_1_3' title="bbox 57 2946 1167 3729">
     <span class='ocr_line' id='line_1_25' title="bbox 62 2946 1166 3021; baseline -0.002 -19"><span class='ocrx_word' id='word_1_215' title='bbox 62 2950 158 3021; x_wconf 80' lang='lat' dir='ltr'><strong>gitudo</strong></span> <span class='ocrx_word' id='word_1_216' title='bbox 180 2948 205 2999; x_wconf 92' lang='lat' dir='ltr'><strong>ei</strong></span> <span class='ocrx_word' id='word_1_217' title='bbox 222 2947 353 3001; x_wconf 77' lang='lat' dir='ltr'><strong>buccinae</strong></span> <span class='ocrx_word' id='word_1_218' title='bbox 371 2946 470 3011; x_wconf 84' lang='lat' dir='ltr'><strong>instar,</strong></span> <span class='ocrx_word' id='word_1_219' title='bbox 500 2954 527 2999; x_wconf 91' lang='lat' dir='ltr'><strong>et</strong></span> <span class='ocrx_word' id='word_1_220' title='bbox 548 2962 579 2999; x_wconf 89' lang='lat' dir='ltr'><strong><em>ea</em></strong></span> <span class='ocrx_word' id='word_1_221' title='bbox 600 2961 678 2998; x_wconf 84' lang='lat' dir='ltr'><strong>amne</strong></span> <span class='ocrx_word' id='word_1_222' title='bbox 696 2953 806 3011; x_wconf 81' lang='lat' dir='ltr'><strong>tractat3</strong></span> <span class='ocrx_word' id='word_1_223' title='bbox 824 2948 911 2999; x_wconf 90' lang='lat' dir='ltr'><strong>datum</strong></span> <span class='ocrx_word' id='word_1_224' title='bbox 933 2949 1004 2999; x_wconf 91' lang='lat' dir='ltr'><strong>etin</strong></span> <span class='ocrx_word' id='word_1_225' title='bbox 1024 2956 1101 3015; x_wconf 79' lang='lat' dir='ltr'><strong>tergo</strong></span> <span class='ocrx_word' id='word_1_226' title='bbox 1119 2964 1166 3001; x_wconf 88' lang='lat' dir='ltr'><strong>se.</strong></span> 
     </span>
     <span class='ocr_line' id='line_1_26' title="bbox 61 3016 1166 3088; baseline -0.005 -13"><span class='ocrx_word' id='word_1_227' title='bbox 61 3018 207 3083; x_wconf 77' lang='lat' dir='ltr'>dentibus,</span> <span class='ocrx_word' id='word_1_228' title='bbox 233 3020 279 3088; x_wconf 89' lang='lat' dir='ltr'><strong><em>qui</em></strong></span> <span class='ocrx_word' id='word_1_229' title='bbox 308 3034 367 3070; x_wconf 91' lang='lat' dir='ltr'><strong>eum</strong></span> <span class='ocrx_word' id='word_1_230' title='bbox 385 3024 500 3086; x_wconf 82' lang='lat' dir='ltr'><strong>regunt,</strong></span> <span class='ocrx_word' id='word_1_231' title='bbox 520 3018 652 3086; x_wconf 79' lang='lat' dir='ltr'><strong>porrigit,</strong></span> <span class='ocrx_word' id='word_1_232' title='bbox 681 3027 708 3071; x_wconf 89' lang='lat' dir='ltr'><strong>et</strong></span> <span class='ocrx_word' id='word_1_233' title='bbox 726 3016 813 3070; x_wconf 90' lang='lat' dir='ltr'><strong>cibum</strong></span> <span class='ocrx_word' id='word_1_234' title='bbox 837 3017 951 3070; x_wconf 73' lang='lat' dir='ltr'><strong>admittit</strong></span> <span class='ocrx_word' id='word_1_235' title='bbox 969 3018 1019 3081; x_wconf 82' lang='lat' dir='ltr'><strong>ori,</strong></span> <span class='ocrx_word' id='word_1_236' title='bbox 1039 3025 1066 3067; x_wconf 91' lang='lat' dir='ltr'><strong>et</strong></span> <span class='ocrx_word' id='word_1_237' title='bbox 1083 3018 1166 3069; x_wconf 88' lang='lat' dir='ltr'><strong>telum</strong></span> 
     </span>
     <span class='ocr_line' id='line_1_27' title="bbox 61 3086 1167 3155; baseline -0.006 -10"><span class='ocrx_word' id='word_1_238' title='bbox 61 3100 158 3145; x_wconf 86' lang='lat' dir='ltr'><strong>contra</strong></span> <span class='ocrx_word' id='word_1_239' title='bbox 175 3090 269 3142; x_wconf 84' lang='lat' dir='ltr'><strong>hostes</strong></span> <span class='ocrx_word' id='word_1_240' title='bbox 289 3090 369 3142; x_wconf 89' lang='lat' dir='ltr'><strong>habet</strong></span> <span class='ocrx_word' id='word_1_241' title='bbox 389 3097 415 3140; x_wconf 89' lang='lat' dir='ltr'><strong>et</strong></span> <span class='ocrx_word' id='word_1_242' title='bbox 433 3090 593 3155; x_wconf 84' lang='lat' dir='ltr'><strong>praesidium</strong></span> <span class='ocrx_word' id='word_1_243' title='bbox 612 3090 750 3142; x_wconf 88' lang='lat' dir='ltr'><strong>invictum.</strong></span> <span class='ocrx_word' id='word_1_244' title='bbox 776 3087 842 3141; x_wconf 83' lang='lat' dir='ltr'><strong>loris</strong></span> <span class='ocrx_word' id='word_1_245' title='bbox 870 3097 957 3140; x_wconf 91' lang='lat' dir='ltr'><strong>autem</strong></span> <span class='ocrx_word' id='word_1_246' title='bbox 980 3086 1101 3139; x_wconf 86' lang='lat' dir='ltr'><strong>omnibus</strong></span> <span class='ocrx_word' id='word_1_247' title='bbox 1121 3096 1167 3139; x_wconf 90' lang='lat' dir='ltr'><strong>aut</strong></span> 
     </span>
     <span class='ocr_line' id='line_1_28' title="bbox 61 3158 1165 3227; baseline -0.005 -11"><span class='ocrx_word' id='word_1_248' title='bbox 61 3165 147 3216; x_wconf 81' lang='lat' dir='ltr'><strong>frenis</strong></span> <span class='ocrx_word' id='word_1_249' title='bbox 163 3176 218 3213; x_wconf 90' lang='lat' dir='ltr'><strong><em>nou</em></strong></span> <span class='ocrx_word' id='word_1_250' title='bbox 238 3161 324 3226; x_wconf 87' lang='lat' dir='ltr'><strong>cedit,</strong></span> <span class='ocrx_word' id='word_1_251' title='bbox 354 3160 400 3212; x_wconf 87' lang='lat' dir='ltr'><strong>sed</strong></span> <span class='ocrx_word' id='word_1_252' title='bbox 429 3174 522 3211; x_wconf 87' lang='lat' dir='ltr'><strong>sensus</strong></span> <span class='ocrx_word' id='word_1_253' title='bbox 543 3161 568 3211; x_wconf 92' lang='lat' dir='ltr'><strong>ei</strong></span> <span class='ocrx_word' id='word_1_254' title='bbox 588 3160 703 3210; x_wconf 84' lang='lat' dir='ltr'><strong>faciendi</strong></span> <span class='ocrx_word' id='word_1_255' title='bbox 729 3174 797 3227; x_wconf 86' lang='lat' dir='ltr'><strong>quae</strong></span> <span class='ocrx_word' id='word_1_256' title='bbox 824 3158 979 3227; x_wconf 81' lang='lat' dir='ltr'><strong>regentibus</strong></span> <span class='ocrx_word' id='word_1_257' title='bbox 998 3158 1165 3225; x_wconf 84' lang='lat' dir='ltr'><strong>placuerunt,</strong></span> 
     </span>
     <span class='ocr_line' id='line_1_29' title="bbox 60 3229 1164 3287; baseline -0.005 -1"><span class='ocrx_word' id='word_1_258' title='bbox 60 3236 166 3287; x_wconf 84' lang='lat' dir='ltr'><strong>securis</strong></span> <span class='ocrx_word' id='word_1_259' title='bbox 185 3240 225 3284; x_wconf 87' lang='lat' dir='ltr'><strong>est</strong></span> <span class='ocrx_word' id='word_1_260' title='bbox 246 3240 338 3283; x_wconf 86' lang='lat' dir='ltr'><strong>contra</strong></span> <span class='ocrx_word' id='word_1_261' title='bbox 360 3232 490 3283; x_wconf 85' lang='lat' dir='ltr'><strong>verticem</strong></span> <span class='ocrx_word' id='word_1_262' title='bbox 509 3239 576 3282; x_wconf 88' lang='lat' dir='ltr'><strong>acta.</strong></span> <span class='ocrx_word' id='word_1_263' title='bbox 596 3245 681 3281; x_wconf 88' lang='lat' dir='ltr'><strong>annos</strong></span> <span class='ocrx_word' id='word_1_264' title='bbox 710 3238 797 3281; x_wconf 89' lang='lat' dir='ltr'><strong>autem</strong></span> <span class='ocrx_word' id='word_1_265' title='bbox 816 3229 913 3281; x_wconf 86' lang='lat' dir='ltr'><strong>multos</strong></span> <span class='ocrx_word' id='word_1_266' title='bbox 934 3232 963 3281; x_wconf 89' lang='lat' dir='ltr'><strong><em>iu</em></strong></span> <span class='ocrx_word' id='word_1_267' title='bbox 981 3238 1077 3281; x_wconf 85' lang='lat' dir='ltr'><strong>ventre</strong></span> <span class='ocrx_word' id='word_1_268' title='bbox 1095 3230 1164 3281; x_wconf 89' lang='lat' dir='ltr'><strong>latus</strong></span> 
     </span>
     <span class='ocr_line' id='line_1_30' title="bbox 62 3301 1164 3373; baseline -0.003 -17"><span class='ocrx_word' id='word_1_269' title='bbox 62 3305 240 3373; x_wconf 85' lang='lat' dir='ltr'><strong>(perdecem</strong></span> <span class='ocrx_word' id='word_1_270' title='bbox 260 3305 329 3354; x_wconf 86' lang='lat' dir='ltr'><strong>euim</strong></span> <span class='ocrx_word' id='word_1_271' title='bbox 349 3317 432 3354; x_wconf 87' lang='lat' dir='ltr'><strong>annos</strong></span> <span class='ocrx_word' id='word_1_272' title='bbox 450 3304 541 3355; x_wconf 86' lang='lat' dir='ltr'><strong>matria</strong></span> <span class='ocrx_word' id='word_1_273' title='bbox 570 3309 647 3352; x_wconf 86' lang='lat' dir='ltr'><strong>utero</strong></span> <span class='ocrx_word' id='word_1_274' title='bbox 677 3301 809 3370; x_wconf 81' lang='lat' dir='ltr'><strong>velatur),</strong></span> <span class='ocrx_word' id='word_1_275' title='bbox 830 3302 929 3353; x_wconf 85' lang='lat' dir='ltr'><strong>ossium</strong></span> <span class='ocrx_word' id='word_1_276' title='bbox 949 3302 1164 3354; x_wconf 86' lang='lat' dir='ltr'><strong>coniunctionem</strong></span> 
     </span>
     <span class='ocr_line' id='line_1_31' title="bbox 59 3372 1165 3441; baseline -0.005 -13"><span class='ocrx_word' id='word_1_277' title='bbox 59 3378 154 3429; x_wconf 88' lang='lat' dir='ltr'><strong>duram</strong></span> <span class='ocrx_word' id='word_1_278' title='bbox 181 3382 208 3427; x_wconf 91' lang='lat' dir='ltr'><strong>et</strong></span> <span class='ocrx_word' id='word_1_279' title='bbox 234 3374 333 3427; x_wconf 88' lang='lat' dir='ltr'><strong>finnam</strong></span> <span class='ocrx_word' id='word_1_280' title='bbox 365 3374 435 3441; x_wconf 88' lang='lat' dir='ltr'><strong>quod</strong></span> <span class='ocrx_word' id='word_1_281' title='bbox 453 3374 486 3426; x_wconf 88' lang='lat' dir='ltr'><strong>ad</strong></span> <span class='ocrx_word' id='word_1_282' title='bbox 504 3372 714 3439; x_wconf 85' lang='lat' dir='ltr'><strong>componendum</strong></span> <span class='ocrx_word' id='word_1_283' title='bbox 739 3374 842 3436; x_wconf 82' lang='lat' dir='ltr'><strong>attinet,</strong></span> <span class='ocrx_word' id='word_1_284' title='bbox 859 3374 983 3425; x_wconf 87' lang='lat' dir='ltr'><strong>ostendit.</strong></span> <span class='ocrx_word' id='word_1_285' title='bbox 1022 3381 1165 3441; x_wconf 86' lang='lat' dir='ltr'><strong>propterea</strong></span> 
     </span>
     <span class='ocr_line' id='line_1_32' title="bbox 60 3443 1163 3510; baseline -0.005 -12"><span class='ocrx_word' id='word_1_286' title='bbox 60 3449 142 3498; x_wconf 89' lang='lat' dir='ltr'><strong>etiam</strong></span> <span class='ocrx_word' id='word_1_287' title='bbox 161 3448 303 3497; x_wconf 81' lang='lat' dir='ltr'><strong>interram</strong></span> <span class='ocrx_word' id='word_1_288' title='bbox 324 3443 497 3496; x_wconf 81' lang='lat' dir='ltr'><strong>succumbere</strong></span> <span class='ocrx_word' id='word_1_289' title='bbox 515 3460 570 3495; x_wconf 89' lang='lat' dir='ltr'><strong><em>non</em></strong></span> <span class='ocrx_word' id='word_1_290' title='bbox 589 3450 687 3510; x_wconf 86' lang='lat' dir='ltr'><strong>potest,</strong></span> <span class='ocrx_word' id='word_1_291' title='bbox 709 3459 768 3495; x_wconf 91' lang='lat' dir='ltr'><strong><em>cum</em></strong></span> <span class='ocrx_word' id='word_1_292' title='bbox 783 3458 837 3496; x_wconf 87' lang='lat' dir='ltr'><strong><em>nun</em></strong></span> <span class='ocrx_word' id='word_1_293' title='bbox 857 3443 948 3496; x_wconf 82' lang='lat' dir='ltr'><strong>valeat</strong></span> <span class='ocrx_word' id='word_1_294' title='bbox 965 3445 1093 3496; x_wconf 78' lang='lat' dir='ltr'><strong>articulus</strong></span> <span class='ocrx_word' id='word_1_295' title='bbox 1112 3458 1163 3510; x_wconf 87' lang='lat' dir='ltr'><strong>pe.</strong></span> 
     </span>
     <span class='ocr_line' id='line_1_33' title="bbox 58 3512 1163 3582; baseline -0.009 -11"><span class='ocrx_word' id='word_1_296' title='bbox 58 3518 121 3571; x_wconf 88' lang='lat' dir='ltr'><strong><em>dum</em></strong></span> <span class='ocrx_word' id='word_1_297' title='bbox 140 3518 270 3569; x_wconf 85' lang='lat' dir='ltr'><strong>iuncturis</strong></span> <span class='ocrx_word' id='word_1_298' title='bbox 299 3530 461 3582; x_wconf 85' lang='lat' dir='ltr'><strong>componere</strong></span> <span class='ocrx_word' id='word_1_299' title='bbox 484 3522 510 3567; x_wconf 86' lang='lat' dir='ltr'><strong>et</strong></span> <span class='ocrx_word' id='word_1_300' title='bbox 536 3514 743 3567; x_wconf 79' lang='lat' dir='ltr'><strong>circumducere.</strong></span> <span class='ocrx_word' id='word_1_301' title='bbox 788 3531 836 3582; x_wconf 85' lang='lat' dir='ltr'><strong><em>pro</em></strong></span> <span class='ocrx_word' id='word_1_302' title='bbox 861 3515 1057 3567; x_wconf 89' lang='lat' dir='ltr'><strong>succumbendo</strong></span> <span class='ocrx_word' id='word_1_303' title='bbox 1081 3512 1163 3563; x_wconf 86' lang='lat' dir='ltr'><strong>incli-</strong></span> 
     </span>
     <span class='ocr_line' id='line_1_34' title="bbox 57 3582 1162 3656; baseline -0.005 -18"><span class='ocrx_word' id='word_1_304' title='bbox 57 3591 194 3640; x_wconf 85' lang='lat' dir='ltr'><strong>nationem</strong></span> <span class='ocrx_word' id='word_1_305' title='bbox 222 3586 255 3639; x_wconf 88' lang='lat' dir='ltr'><strong>ad</strong></span> <span class='ocrx_word' id='word_1_306' title='bbox 278 3586 399 3638; x_wconf 78' lang='lat' dir='ltr'><strong>arborem</strong></span> <span class='ocrx_word' id='word_1_307' title='bbox 420 3594 465 3635; x_wconf 87' lang='lat' dir='ltr'><strong>aut</strong></span> <span class='ocrx_word' id='word_1_308' title='bbox 490 3600 568 3637; x_wconf 89' lang='lat' dir='ltr'><strong>manu</strong></span> <span class='ocrx_word' id='word_1_309' title='bbox 588 3586 684 3637; x_wconf 85' lang='lat' dir='ltr'><strong>iactum</strong></span> <span class='ocrx_word' id='word_1_310' title='bbox 706 3586 809 3656; x_wconf 77' lang='lat' dir='ltr'><strong>lignum</strong></span> <span class='ocrx_word' id='word_1_311' title='bbox 836 3594 882 3638; x_wconf 84' lang='lat' dir='ltr'><strong>aut</strong></span> <span class='ocrx_word' id='word_1_312' title='bbox 900 3587 1029 3652; x_wconf 87' lang='lat' dir='ltr'><strong>parietem</strong></span> <span class='ocrx_word' id='word_1_313' title='bbox 1047 3598 1100 3634; x_wconf 88' lang='lat' dir='ltr'><strong><em>uno</em></strong></span> <span class='ocrx_word' id='word_1_314' title='bbox 1119 3582 1162 3634; x_wconf 56' lang='grc' dir='ltr'><strong><em>λοι</em></strong></span> 
     </span>
     <span class='ocr_line' id='line_1_35' title="bbox 57 3654 744 3729; baseline -0.006 -18"><span class='ocrx_word' id='word_1_315' title='bbox 57 3668 117 3711; x_wconf 85' lang='lat' dir='ltr'><strong>tere</strong></span> <span class='ocrx_word' id='word_1_316' title='bbox 137 3658 211 3723; x_wconf 85' lang='lat' dir='ltr'><strong>iacit,</strong></span> <span class='ocrx_word' id='word_1_317' title='bbox 234 3664 337 3709; x_wconf 88' lang='lat' dir='ltr'><strong>erectus</strong></span> <span class='ocrx_word' id='word_1_318' title='bbox 357 3658 385 3707; x_wconf 94' lang='lat' dir='ltr'><strong><em>in</em></strong></span> <span class='ocrx_word' id='word_1_319' title='bbox 404 3654 445 3707; x_wconf 87' lang='lat' dir='ltr'><strong><em>bis</em></strong></span> <span class='ocrx_word' id='word_1_320' title='bbox 464 3671 494 3706; x_wconf 88' lang='lat' dir='ltr'><strong><em>aa</em></strong></span> <span class='ocrx_word' id='word_1_321' title='bbox 514 3654 630 3729; x_wconf 72' lang='lat' dir='ltr'><strong>fulciens</strong></span> <span class='ocrx_word' id='word_1_322' title='bbox 650 3655 744 3708; x_wconf 83' lang='lat' dir='ltr'><strong>solum.</strong></span> 
     </span>
    </p>
   </div>
   <div class='ocr_carea' id='block_1_4' title="bbox 55 3741 1160 4241">
    <p class='ocr_par' dir='ltr' id='par_1_4' title="bbox 55 3741 1160 4241">
     <span class='ocr_line' id='line_1_36' title="bbox 158 3741 1160 3811; baseline -0.005 -13"><span class='ocrx_word' id='word_1_323' title='bbox 158 3744 265 3798; x_wconf 82' lang='lat' dir='ltr'><strong>Praeter</strong></span> <span class='ocrx_word' id='word_1_324' title='bbox 283 3744 335 3796; x_wconf 89' lang='lat' dir='ltr'><strong><em>hoc</em></strong></span> <span class='ocrx_word' id='word_1_325' title='bbox 354 3742 451 3795; x_wconf 86' lang='lat' dir='ltr'><strong>animal</strong></span> <span class='ocrx_word' id='word_1_326' title='bbox 472 3743 550 3794; x_wconf 86' lang='lat' dir='ltr'><strong>etiam</strong></span> <span class='ocrx_word' id='word_1_327' title='bbox 574 3746 613 3795; x_wconf 87' lang='lat' dir='ltr'><strong><em>sic</em></strong></span> <span class='ocrx_word' id='word_1_328' title='bbox 632 3745 729 3796; x_wconf 90' lang='lat' dir='ltr'><strong>dictam</strong></span> <span class='ocrx_word' id='word_1_329' title='bbox 748 3741 979 3810; x_wconf 84' lang='lat' dir='ltr'><strong>camelopardalim</strong></span> <span class='ocrx_word' id='word_1_330' title='bbox 993 3741 1160 3811; x_wconf 73' lang='lat' dir='ltr'><strong>eergypto</strong></span> 
     </span>
     <span class='ocr_line' id='line_1_37' title="bbox 56 3813 1158 3877; baseline -0.008 -7"><span class='ocrx_word' id='word_1_331' title='bbox 56 3820 165 3870; x_wconf 85' lang='lat' dir='ltr'><strong>misaam</strong></span> <span class='ocrx_word' id='word_1_332' title='bbox 187 3816 238 3868; x_wconf 91' lang='lat' dir='ltr'><strong>sibi</strong></span> <span class='ocrx_word' id='word_1_333' title='bbox 258 3815 362 3869; x_wconf 87' lang='lat' dir='ltr'><strong>civibus</strong></span> <span class='ocrx_word' id='word_1_334' title='bbox 381 3829 431 3865; x_wconf 84' lang='lat' dir='ltr'><strong>rex</strong></span> <span class='ocrx_word' id='word_1_335' title='bbox 443 3814 573 3877; x_wconf 80' lang='lat' dir='ltr'><strong>ostendit3</strong></span> <span class='ocrx_word' id='word_1_336' title='bbox 592 3824 633 3867; x_wconf 89' lang='lat' dir='ltr'><strong><em>eat</em></strong></span> <span class='ocrx_word' id='word_1_337' title='bbox 650 3823 738 3867; x_wconf 87' lang='lat' dir='ltr'><strong>autem</strong></span> <span class='ocrx_word' id='word_1_338' title='bbox 756 3815 834 3865; x_wconf 90' lang='lat' dir='ltr'><strong>etiam</strong></span> <span class='ocrx_word' id='word_1_339' title='bbox 856 3813 923 3863; x_wconf 85' lang='lat' dir='ltr'><strong>baec</strong></span> <span class='ocrx_word' id='word_1_340' title='bbox 941 3814 1086 3865; x_wconf 86' lang='lat' dir='ltr'><strong>secundum</strong></span> <span class='ocrx_word' id='word_1_341' title='bbox 1105 3830 1158 3865; x_wconf 89' lang='lat' dir='ltr'><strong><em>no.</em></strong></span> 
     </span>
     <span class='ocr_line' id='line_1_38' title="bbox 57 3884 1158 3955; baseline -0.005 -14"><span class='ocrx_word' id='word_1_342' title='bbox 57 3905 118 3941; x_wconf 89' lang='lat' dir='ltr'><strong>men</strong></span> <span class='ocrx_word' id='word_1_343' title='bbox 138 3889 294 3955; x_wconf 83' lang='lat' dir='ltr'><strong>composita,</strong></span> <span class='ocrx_word' id='word_1_344' title='bbox 314 3885 430 3938; x_wconf 85' lang='lat' dir='ltr'><strong>maculas</strong></span> <span class='ocrx_word' id='word_1_345' title='bbox 451 3884 566 3951; x_wconf 83' lang='lat' dir='ltr'><strong>pardalis</strong></span> <span class='ocrx_word' id='word_1_346' title='bbox 588 3885 702 3947; x_wconf 87' lang='lat' dir='ltr'><strong>babens,</strong></span> <span class='ocrx_word' id='word_1_347' title='bbox 733 3884 828 3934; x_wconf 88' lang='lat' dir='ltr'><strong>cameli</strong></span> <span class='ocrx_word' id='word_1_348' title='bbox 847 3891 934 3935; x_wconf 88' lang='lat' dir='ltr'><strong>autem</strong></span> <span class='ocrx_word' id='word_1_349' title='bbox 952 3885 1158 3953; x_wconf 81' lang='lat' dir='ltr'><strong>magnitudinem</strong></span> 
     </span>
     <span class='ocr_line' id='line_1_39' title="bbox 58 3953 1159 4024; baseline -0.005 -13"><span class='ocrx_word' id='word_1_350' title='bbox 58 3970 84 4011; x_wconf 91' lang='lat' dir='ltr'><strong>et</strong></span> <span class='ocrx_word' id='word_1_351' title='bbox 104 3959 202 4011; x_wconf 86' lang='lat' dir='ltr'><strong>collum</strong></span> <span class='ocrx_word' id='word_1_352' title='bbox 223 3966 250 4010; x_wconf 89' lang='lat' dir='ltr'><strong>et</strong></span> <span class='ocrx_word' id='word_1_353' title='bbox 270 3958 413 4010; x_wconf 82' lang='lat' dir='ltr'><strong>abscissam</strong></span> <span class='ocrx_word' id='word_1_354' title='bbox 443 3964 469 4007; x_wconf 88' lang='lat' dir='ltr'><strong>et</strong></span> <span class='ocrx_word' id='word_1_355' title='bbox 493 3964 598 4006; x_wconf 90' lang='lat' dir='ltr'><strong>tenuem</strong></span> <span class='ocrx_word' id='word_1_356' title='bbox 617 3963 736 4006; x_wconf 80' lang='lat' dir='ltr'><strong>naturam</strong></span> <span class='ocrx_word' id='word_1_357' title='bbox 756 3953 821 4005; x_wconf 87' lang='lat' dir='ltr'><strong>colli</strong></span> <span class='ocrx_word' id='word_1_358' title='bbox 851 3955 902 4006; x_wconf 90' lang='lat' dir='ltr'><strong>uisi</strong></span> <span class='ocrx_word' id='word_1_359' title='bbox 922 3956 993 4024; x_wconf 85' lang='lat' dir='ltr'><strong>quod</strong></span> <span class='ocrx_word' id='word_1_360' title='bbox 1013 3955 1111 4007; x_wconf 91' lang='lat' dir='ltr'><strong>collum</strong></span> <span class='ocrx_word' id='word_1_361' title='bbox 1132 3957 1159 4006; x_wconf 90' lang='lat' dir='ltr'><strong>ei</strong></span> 
     </span>
     <span class='ocr_line' id='line_1_40' title="bbox 57 4026 1156 4083; baseline -0.004 -1"><span class='ocrx_word' id='word_1_362' title='bbox 57 4040 175 4083; x_wconf 90' lang='lat' dir='ltr'><strong>erectum</strong></span> <span class='ocrx_word' id='word_1_363' title='bbox 199 4044 254 4081; x_wconf 87' lang='lat' dir='ltr'><strong><em>uun</em></strong></span> <span class='ocrx_word' id='word_1_364' title='bbox 279 4037 309 4080; x_wconf 88' lang='lat' dir='ltr'><strong><em>ut</em></strong></span> <span class='ocrx_word' id='word_1_365' title='bbox 328 4028 423 4080; x_wconf 87' lang='lat' dir='ltr'><strong>cameli</strong></span> <span class='ocrx_word' id='word_1_366' title='bbox 450 4027 548 4077; x_wconf 88' lang='lat' dir='ltr'><strong>iactum</strong></span> <span class='ocrx_word' id='word_1_367' title='bbox 573 4034 613 4077; x_wconf 88' lang='lat' dir='ltr'><strong>est</strong></span> <span class='ocrx_word' id='word_1_368' title='bbox 639 4026 718 4076; x_wconf 86' lang='lat' dir='ltr'><strong>nimia</strong></span> <span class='ocrx_word' id='word_1_369' title='bbox 740 4032 876 4077; x_wconf 80' lang='lat' dir='ltr'><strong>curvatum</strong></span> <span class='ocrx_word' id='word_1_370' title='bbox 904 4029 951 4080; x_wconf 89' lang='lat' dir='ltr'><strong><em>aed</em></strong></span> <span class='ocrx_word' id='word_1_371' title='bbox 968 4044 1003 4078; x_wconf 88' lang='lat' dir='ltr'><strong>ne</strong></span> <span class='ocrx_word' id='word_1_372' title='bbox 1022 4029 1049 4077; x_wconf 91' lang='lat' dir='ltr'><strong><em>in</em></strong></span> <span class='ocrx_word' id='word_1_373' title='bbox 1067 4027 1156 4079; x_wconf 83' lang='lat' dir='ltr'><strong>medic</strong></span> 
     </span>
     <span class='ocr_line' id='line_1_41' title="bbox 55 4096 1155 4171; baseline -0.005 -17"><span class='ocrx_word' id='word_1_374' title='bbox 55 4103 161 4171; x_wconf 89' lang='lat' dir='ltr'><strong>quidem</strong></span> <span class='ocrx_word' id='word_1_375' title='bbox 180 4101 259 4152; x_wconf 86' lang='lat' dir='ltr'><strong>dorso</strong></span> <span class='ocrx_word' id='word_1_376' title='bbox 280 4101 410 4152; x_wconf 85' lang='lat' dir='ltr'><strong>curvitate</strong></span> <span class='ocrx_word' id='word_1_377' title='bbox 430 4098 543 4162; x_wconf 80' lang='lat' dir='ltr'><strong>excedit,</strong></span> <span class='ocrx_word' id='word_1_378' title='bbox 566 4096 647 4149; x_wconf 91' lang='lat' dir='ltr'><strong>simili</strong></span> <span class='ocrx_word' id='word_1_379' title='bbox 666 4103 754 4147; x_wconf 90' lang='lat' dir='ltr'><strong>autem</strong></span> <span class='ocrx_word' id='word_1_380' title='bbox 772 4097 850 4147; x_wconf 84' lang='lat' dir='ltr'><strong>mode</strong></span> <span class='ocrx_word' id='word_1_381' title='bbox 868 4097 1042 4149; x_wconf 82' lang='lat' dir='ltr'><strong>directionem</strong></span> <span class='ocrx_word' id='word_1_382' title='bbox 1061 4098 1155 4149; x_wconf 87' lang='lat' dir='ltr'><strong>iudea</strong></span> 
     </span>
     <span class='ocr_line' id='line_1_42' title="bbox 55 4168 1156 4241; baseline -0.01 -15"><span class='ocrx_word' id='word_1_383' title='bbox 55 4175 134 4226; x_wconf 86' lang='lat' dir='ltr'><strong>dorso</strong></span> <span class='ocrx_word' id='word_1_384' title='bbox 155 4188 241 4241; x_wconf 85' lang='lat' dir='ltr'><strong>usque</strong></span> <span class='ocrx_word' id='word_1_385' title='bbox 262 4172 293 4221; x_wconf 89' lang='lat' dir='ltr'><strong>ad</strong></span> <span class='ocrx_word' id='word_1_386' title='bbox 309 4171 416 4225; x_wconf 84' lang='lat' dir='ltr'><strong>caudam</strong></span> <span class='ocrx_word' id='word_1_387' title='bbox 435 4178 526 4235; x_wconf 90' lang='lat' dir='ltr'><strong>tenet,</strong></span> <span class='ocrx_word' id='word_1_388' title='bbox 549 4183 602 4220; x_wconf 90' lang='lat' dir='ltr'><strong><em>non</em></strong></span> <span class='ocrx_word' id='word_1_389' title='bbox 633 4174 720 4219; x_wconf 88' lang='lat' dir='ltr'><strong>autem</strong></span> <span class='ocrx_word' id='word_1_390' title='bbox 740 4182 825 4237; x_wconf 88' lang='lat' dir='ltr'><strong>aeque</strong></span> <span class='ocrx_word' id='word_1_391' title='bbox 844 4168 993 4234; x_wconf 87' lang='lat' dir='ltr'><strong>altitudine,</strong></span> <span class='ocrx_word' id='word_1_392' title='bbox 1012 4184 1073 4222; x_wconf 77' lang='lat' dir='ltr'><strong>naua</strong></span> <span class='ocrx_word' id='word_1_393' title='bbox 1091 4169 1156 4222; x_wconf 81' lang='lat' dir='ltr'><strong>dor.</strong></span> 
     </span>
    </p>
   </div>
   <div class='ocr_carea' id='block_1_5' title="bbox 113 4280 973 4345">
    <p class='ocr_par' dir='ltr' id='par_1_5' title="bbox 113 4280 973 4345">
     <span class='ocr_line' id='line_1_43' title="bbox 113 4280 973 4345; baseline -0.002 -5"><span class='ocrx_word' id='word_1_394' title='bbox 113 4282 390 4340; x_wconf 66' lang='lat' dir='ltr'><strong>dictamnum.</strong></span> <span class='ocrx_word' id='word_1_395' title='bbox 478 4335 482 4345; x_wconf 91' lang='grc'>,</span> <span class='ocrx_word' id='word_1_396' title='bbox 955 4280 973 4338; x_wconf 76' lang='grc'>4</span> 
     </span>
    </p>
   </div>
   <div class='ocr_carea' id='block_1_6' title="bbox 0 0 1422 4750">
    <p class='ocr_par' dir='ltr' id='par_1_6' title="bbox 0 0 1422 4750">
     <span class='ocr_line' id='line_1_44' title="bbox 0 0 1422 4750; baseline 0 4"><span class='ocrx_word' id='word_1_397' title='bbox 0 0 1422 4750; x_wconf 95' lang='lat' dir='ltr'><strong><em> </em></strong></span> 
     </span>
    </p>
   </div>
  </div>
 </body>
</html>
