2834 4750
436 251 438 260 ¹
548 251 764 354 murorum
1123 252 1198 329 919

42 417 261 504 μέλλοντα,
300 419 483 503 περιφανῶς
509 415 772 501 τροπωσάμενος,
807 420 862 483 καί
890 415 947 504 τήν
968 415 1061 486 πάλιν
1078 419 1200 485 ἐκείνου

44 516 114 601 τήν
141 515 385 603 Καρχηδόνα,
409 517 548 601 μεγάλην
578 519 632 580 καί
664 514 920 599 πολάανθρωπον
941 523 996 585 καί
1018 521 1200 605 ἀνθρώποις

45 621 301 704 νομιζομένην
323 618 490 695 ἀνάλωτον,
511 609 612 703 άρδην
625 618 936 703 καταστρεψάμενος,
957 615 1028 711 ήτις
1041 624 1097 687 κατ’
1117 624 1200 706 'Ap-

48 717 137 806 ρική
167 713 440 800 κατωνόμασται.
487 713 520 796 δς
541 721 596 802 τής
622 719 772 804 τοιαύτης
794 721 915 797 πόλεως
941 727 1200 807 καταστρεφομέ-

19 831 116 906 5νης
139 817 257 906 παρά
289 822 351 886 ταῖν
382 822 462 906 άμρί
487 816 588 884 αδτδν
611 821 649 883 οδ
671 816 769 899 μόνον
800 819 844 906 μή
868 824 1049 905 ἐπαρθῆναι
1070 824 1110 910 τῇ
1130 821 1198 912 νίκη

52 925 222 1004 λέγεται,
252 918 331 986 α’λλά
351 918 405 984 καί
426 919 574 1002 δακρύων
593 921 758 1003 πληρῶσαι
781 920 856 999 τοάς
871 921 1081 1009 ὀφθαλμούς,
1104 919 1201 986 ἔνθα·

53 1024 249 1106 μηθέντσς
269 1018 304 1085 τὸ
325 1015 492 1103 Ὁμηρικὸν
513 1022 612 1084 ἐκεῖνο
634 1017 708 1095 ἔντος
735 1024 790 1084 καί
806 1020 934 1110 γλάσση
953 1027 1143 1106 περιλαλεῖν,
1163 1021 1198 1087 sd

49 1119 238 1187 “ἔσσεται
263 1114 361 1205 η’μαρ,
375 1113 449 1184 ὅταν
471 1127 538 1184 ποτ’
560 1119 662 1209 δλιάλη
681 1113 776 1197 Ἴλιος
799 1121 876 1206 iprj’²
899 1118 954 1185 καί
977 1119 1016 1186 τά
1040 1115 1126 1205 ὲξής·
1146 1118 1203 1186 καί

57 1221 330 1308 διερωτώμενος
358 1220 415 1285 τοῦ
447 1217 544 1304 χάριν
578 1221 668 1286 τοῦτο
696 1227 804 1302 λαλεῖ,
834 1221 1022 1311 άπεκρίνατο
1045 1221 1088 1296 αἱς
1108 1218 1201 1314 ἔσται

11 1338 50 1392 10
60 1320 195 1407 καιρός
220 1344 301 1385 ποτε
328 1317 403 1386 δταν
423 1319 501 1395 ἴσως
522 1324 578 1385 καί
608 1321 627 1405 ή
651 1324 764 1405 πατρίς
792 1321 881 1407 ήμῶν
903 1327 1087 1406 πολιορκίας
1108 1345 1201 1404 περι-

61 1429 158 1513 πέσῃ
189 1426 322 1498 δεινοῖς.
367 1416 469 1498 οδτως
491 1420 521 1487 οἱ
542 1421 674 1487 παλαιοί
695 1422 864 1509 στρατηγοί
884 1420 940 1498 τάς
957 1425 1014 1487 τοῦ
1033 1425 1200 1505 μέλλοντος
1295 1432 1302 1442 ’

64 1525 289 1608 εὐλαβοῦντο
323 1521 439 1606 τάχος,
471 1526 525 1588 καί
557 1521 713 1609 τοσαάτην
740 1528 896 1609 φροντίδα
924 1523 1006 1607 ὑπὲρ
1033 1527 1088 1607 τῆς
1108 1524 1200 1608 σφῶν

66 1627 248 1712 πατρίδος
279 1623 431 1690 ἐτίθεντο.
490 1625 524 1690 ἐκ
552 1623 694 1709 τούτων,
729 1628 791 1690 τῶν
815 1627 947 1708 Φαβίων
984 1629 1085 1710 φημί,
1107 1615 1200 1688 καίδ
1286 1710 1292 1714 ¹

64 1724 271 1801 Ἀσιατικὸς
296 1729 442 1809 Σκηπίων
462 1728 624 1812 α’νέθηλεν,
646 1726 717 1791 ἐπεὶ
730 1730 786 1791 καί
801 1725 943 1812 άδελφδς
962 1727 1020 1790 τοῦ
1038 1724 1200 1812 Ἀφρικα-

22 1831 136 1892 15ννι7
168 1824 306 1911 ἐκλήθη
328 1828 363 1891 δὲ
393 1821 595 1909 Ἀσιατικός,
624 1821 674 1892 ὅτι
704 1851 763 1910 περ
793 1827 838 1901 εἰς
865 1824 921 1909 τήν
946 1825 1058 1893 Ἀσίαν
1088 1829 1122 1890 ἐκ
1145 1828 1200 1908 τῆς

74 1925 251 2014 Εὐρώπης
274 1926 523 2012 διαπεραιωθεὶς
555 1925 636 2008 μετά
669 1925 834 2009 δυνάμεως
858 1929 991 2010 μετρίας
1015 1923 1201 2006 Ῥωμαϊκῆς

71 2028 250 2110 Ἀντίοχον
274 2027 465 2093 ἐκεῖνοντὸν
487 2025 695 2113 ἐπικληθέντα
718 2029 860 2114 ἐπιφανῆ
877 2022 1086 2111 μοριάνδροις
1100 2048 1201 2104 στρα-

77 2137 173 2205 τιαῖς
196 2132 462 2214 γεγανρωμδνον,
484 2134 635 2212 γενναίως
658 2133 908 2212 κατηγωνίσατο,
933 2129 989 2190 καί
1016 2127 1071 2210 τῆς
1091 2125 1200 2201 Ἀσίας

78 2226 195 2315 πάσης
215 2229 656 2316 ρωμαλὲωςκατεκνρίενσε,
685 2231 742 2294 καί
770 2229 970 2294 δπδσπονδον
995 2226 1109 2292 τοῦτον
1136 2234 1202 2302 τοῖς

33 2329 267 2413 οοῬωμαίοις
300 2332 468 2417 πεποίηκε,
499 2332 553 2396 καί
579 2333 739 2416 θρίαμβον
758 2331 792 2395 ἐν
823 2334 862 2419 τῇ
881 2329 994 2419 Ῥώμη
1017 2330 1201 2414 κατήνεγκεν

85 2434 256 2496 ἐπινίκιον.
301 2430 336 2497 ἐκ
357 2430 479 2498 τούτων
502 2434 518 2498 ὁ
541 2435 692 2513 Αἰμιλιος
707 2434 854 2525 Παῦλος,
875 2426 910 2510 ὃς
931 2428 983 2496 τδν
1002 2426 1203 2497 Μακεδόνων

84 2536 231 2613 βασιλέα
253 2536 387 2619 Περσέα
411 2532 613 2616 καλούμενον,
643 2533 796 2626 άπόηονον
818 2537 853 2598 δὲ
873 2535 931 2598 τοῦ
953 2531 1098 2615 μεγάλουι
1113 2532 1204 2595 Ἀλε-

87 2628 233 2719 ξάνδρου
254 2631 469 2720 τυγχάνοντα,
500 2638 627 2723 πολέμῳ
651 2633 783 2720 νικήσας
807 2636 849 2698 δι’
872 2631 999 2719 ήμεράν
1018 2628 1117 2698 εἴκοσι
1137 2638 1204 2706 τοϊς

86 2731 263 2819 Ῥωμαίοις
291 2735 477 2822 άποχείριον
494 2730 571 2803 ’σάν
599 2738 728 2822 γυναιξί
759 2736 813 2803 καί
831 2739 948 2813 τέκνοις
969 2736 1125 2816 α’πδδειξε,
1145 2729 1202 2797 καί

93 3030 177 3083 nibus
198 3030 282 3082 visam
301 3029 546 3101 inexpugnabilem,
567 3033 685 3086 lunditus
706 3034 814 3097 evertit,
834 3047 903 3101 quae
929 3032 1007 3083 etiam
1031 3031 1124 3085 Africa
1151 3044 1204 3082 ro·-

98 3110 160 3154 cata
180 3110 236 3153 est:
258 3104 302 3171 qui
322 3105 429 3173 quidam
448 3104 496 3155 tali
514 3105 616 3156 urbca
641 3106 695 3159 suis
723 3121 819 3157 eversa
845 3118 899 3155 nou
928 3103 1015 3155 solum
1039 3118 1092 3154 non
1119 3101 1205 3155 elutus

97 3189 160 3226 esse
181 3174 297 3225 victoria
316 3176 421 3240 dicitur,
443 3175 491 3228 sed
511 3177 589 3231 etiam
608 3176 697 3228 llendo
717 3173 845 3243 implesse
864 3175 974 3238 oculos,
986 3174 1142 3225 cumanimo
1157 3189 1205 3225 re.

96 3252 209 3311 putaret
227 3246 336 3299 Homeri
355 3246 429 3297 illam
448 3262 553 3311 rocem,
576 3257 601 3300 et
619 3248 712 3315 lingua
739 3248 927 3315 pronuntiasse
945 3247 1012 3297 boc:
1033 3246 1102 3311 „erit
1128 3244 1204 3308 dies,

97 3316 204 3385 quando
224 3319 368 3369 interitura
389 3320 424 3369 sit
441 3320 519 3372 'lroia
538 3327 630 3371 τασανι
654 3328 681 3370 ct
701 3335 771 3389 quse
789 3326 947 3387 sequuntur,
967 3325 994 3368 et
1011 3318 1204 3383 interrogatus,
1240 3317 1243 3320 ’

97 3403 146 3439 cur
169 3386 219 3437 boc
241 3390 352 3454 diceret,
372 3393 525 3457 respondit:
547 3392 616 3457 „enit
626 3398 731 3458 tempus
745 3390 898 3457 aliquando,
918 3404 977 3441 cum
991 3388 1105 3440 fortasse
1125 3388 1204 3437 etiam

96 3458 186 3525 patria
196 3467 288 3510 nostra
304 3460 332 3510 in
347 3464 555 3529 oppugnationis
574 3462 674 3514 incidat
689 3462 818 3530 pericula.
838 3465 876 3514 ita
894 3468 1002 3514 veteres
1021 3461 1103 3511 duces
1122 3453 1205 3509 lutari

98 3529 228 3593 temporis
248 3530 378 3581 cavebant
398 3532 516 3584 fortunas
532 3542 558 3584 ct
574 3542 671 3584 tautam
686 3534 893 3586 sollicitudinem
906 3534 1009 3600 patriae
1023 3546 1087 3583 suae
1110 3530 1204 3580 conci.

99 3599 218 3667 piobunt.
258 3616 291 3651 cx
310 3600 360 3664 bis,
381 3602 480 3655 Fabios
499 3605 570 3668 dico,
597 3606 674 3657 otiam
695 3606 786 3672 Scipio
806 3606 939 3658 Asiaticus
960 3602 1086 3667 effloruit,
1106 3602 1206 3669 quippe

99 3672 146 3739 qui
161 3678 232 3722 esset
244 3670 325 3721 irater
334 3671 471 3726 Africani:
491 3683 601 3727 vocatus
615 3685 703 3728 autem
724 3684 764 3728 est
779 3678 923 3740 Asiaticus,
943 3678 1005 3743 quia
1023 3676 1051 3725 in
1068 3674 1159 3726 Asiam
1173 3689 1207 3723 ex

99 3742 207 3809 Europa
218 3750 402 3811 transgressus
414 3738 473 3794 ‘cum
487 3761 564 3796 manu
577 3749 681 3799 modica
691 3749 809 3801 Romana
819 3746 981 3801 Antiochum
991 3746 1077 3810 illum,
1090 3746 1135 3813 qui
1153 3758 1206 3796 vo-

100 3814 208 3865 cabatur
227 3813 390 3881 Epiphanes,
413 3816 565 3882 ingentibus
585 3819 747 3871 exercitibus
777 3819 884 3883 elatum,
903 3817 1031 3870 nobiliter
1049 3817 1160 3882 devicit,
1180 3823 1207 3866 et

101 3886 162 3936 Asia
188 3893 243 3937 tota
273 3887 378 3937 fortiter
405 3887 527 3952 superior
548 3888 597 3937 luit
629 3899 655 3939 ct
674 3891 823 3941 subiectum
842 3890 912 3939 bunc
934 3889 1058 3939 Romanis
1079 3887 1159 3952 iecit,
1180 3894 1206 3937 et

101 3958 259 4023 triumphum
274 3958 404 4011 victoriae
415 3958 514 4008 Romae
528 3961 591 4026 ogit.
615 3976 648 4009 ox
662 3960 701 4012 bis
712 3959 843 4013 Aemilius
855 3960 962 4023 Paulus,
980 3961 1024 4027 qui
1035 3960 1207 4012 Macedonum

101 4044 189 4097 regem
203 4030 338 4093 Perseum,
360 4030 498 4081 oriundum
520 4046 535 4081 a
553 4045 648 4097 magno
664 4031 828 4094 Alexandro,
847 4030 922 4082 bello
944 4032 1091 4101 devincens
1112 4029 1207 4082 dicbus

102 4100 196 4166 viginti
216 4101 341 4153 Romanis
361 4100 509 4153 subiectum
535 4118 592 4152 cum
612 4102 740 4155 uxoribus
771 4110 798 4152 et
815 4101 911 4154 liberis
930 4102 1043 4155 reddidit
1063 4110 1090 4153 et
1107 4101 1205 4155 Persa-

103 4184 156 4223 rum
175 4173 283 4225 diritias
303 4174 364 4226 inda
384 4174 529 4229 conferens
549 4189 583 4226 ne
593 4174 718 4242 poculum
739 4174 845 4243 quidem
855 4190 967 4227 aureum
984 4175 1029 4228 vol
1050 4181 1206 4243 argenteum
