2834 4750
526 263 736 334 HISTORIA.
824 313 835 334 ,
1129 265 1200 340 89·

55 436 149 506 τοῖς
171 430 285 505 κοιλοις
303 431 361 513 τῆς
382 430 441 514 γῆς
460 425 613 514 κινήσεως
634 433 755 515 καὶτῆς
775 434 839 496 τόν
860 433 985 516 α’νέμαν
1004 437 1039 500 ἐν
1060 436 1185 514 τούτοις

60 527 235 614 δινήσεως
255 527 272 595 ὁ
294 529 403 609 κλόνος
426 531 638 615 προσγίνεται,
662 533 895 616 ἀνατέτραπται
923 532 959 597 τό
984 533 1132 619 ἐννόημα.
1155 539 1187 605 εί

58 629 145 716 γὰρ
169 633 203 696 ἐκ
223 628 321 717 μόνης
342 636 398 718 τῆς·
418 634 492 713 βίας
513 633 631 715 αότοόν,
653 629 773 698 όπόταν
796 635 830 698 ἐν
847 641 911 710 τοῖς
933 635 1107 717 κοιλώμασι
1130 640 1185 722 τῆς

59 734 140 815 γῆς
157 723 398 816 ’περιελιχθείεν
418 737 475 801 καί
487 735 654 799 όιόπνοιαν
673 739 953 820 συμπεπιλημένην
971 735 1106 820 λάβοιεν,
1124 763 1185 802 κα-

25 830 152 908 ῦθοός
178 821 267 896 οὗτοι
293 834 402 918 φασίν,
428 833 447 918 ἦ
470 836 650 918 συγκίνησις
677 835 839 916 ἐκτελοῖτο,
863 830 922 900 κόν
946 837 1080 915 α’ταξίαν
1101 830 1186 920 εἶχεν

64 930 88 994 ὅ
115 927 230 1006 κλόνος
251 936 307 998 καί
328 933 404 1016 ου’χί
429 940 527 1019 μέχρι
555 934 704 1010 πτώσεως
727 933 955 1001 οἶκαταπεοότου
978 932 1036 1018 την
1056 926 1187 1001 ἄπλετον

65 1029 197 1117 ἔληγεν
218 1029 329 1122 όρμήν,
351 1035 403 1100 ἵνα
426 1033 470 1121 μὴ
494 1036 528 1102 τό
552 1034 615 1098 πᾶν
636 1034 750 1099 αὐτίκα
773 1038 949 1125 καταποθῇ.
993 1037 1051 1102 νόν
1074 1037 1111 1100 όέ
1129 1033 1186 1100 όεό

65 1138 142 1219 τῆς
164 1130 320 1220 τοσαύτης
341 1137 396 1200 καί
415 1138 599 1220 συμμέτρου
621 1133 862 1220 παρακινήσεοος
885 1137 1044 1203 δείκνυται
1067 1141 1187 1220 θεοση-

64 1236 161 1316 μίυες
181 1231 273 1317 ἔργον
308 1235 324 1298 ό
360 1236 482 1324 κλόνος,
515 1238 561 1312 εἷς
582 1235 761 1320 αὐαστολην
781 1234 837 1301 καί
856 1238 1022 1303 παίδευσιν
1043 1239 1104 1302 τόν
1125 1235 1186 1301 οἷν-

9 1351 55 1404 10
68 1337 257 1419 θριοπίνοιν
287 1335 418 1420 όρμαῖν,
442 1334 495 1400 καί
523 1338 580 1420 τῆς
608 1342 699 1411 θείας
722 1337 918 1416 ἀνεξικακίας
948 1338 968 1423 ἦ
999 1334 1188 1422 ἐπιτίμησις,

69 1436 138 1522 ἐφ’
163 1425 187 1523 ᾧ
208 1433 252 1519 μη
273 1426 375 1522 όρδην
409 1435 587 1503 όπολέσθαι
614 1436 648 1502 τό
677 1441 765 1520 γένος
772 1486 783 1516 ,
807 1436 876 1506 ἄλλ’
899 1439 1088 1523 ἐπιπρέψαι
1108 1435 1187 1524 πρός

70 1535 123 1603 τὰ
147 1540 302 1616 βελτίονα.
345 1534 379 1602 τό
405 1539 434 1602 δ’
455 1539 488 1618 ἐξ
510 1536 675 1614 ἐπιπνοίας
698 1540 866 1618 α’νεμιαιός
884 1535 945 1604 εἴτε
970 1537 1034 1624 μην
1059 1533 1186 1605 όόοὶτοιν

72 1634 236 1720 κινήσεως
257 1641 403 1720 γίνεσθαι
423 1637 479 1704 τόν
499 1638 630 1721 σεισμόν
654 1639 713 1702 οόκ
733 1630 866 1724 όκαιρον
895 1639 965 1704 ου’ό’
995 1637 1074 1704 αόεό
1107 1635 1211 1722 πρός.

74 1732 225 1821 φυσικόν
244 1740 511 1825 συγκατασκευήν.
543 1740 707 1823 ἐνδέχεται
727 1740 789 1825 γόρ
808 1743 903 1805 τοῦτο
916 1743 972 1806 καί
993 1739 1094 1805 πάνυ·
1117 1743 1188 1804 ἀλλ’

18 1851 62 1905 15
76 1837 144 1902 ουίι
168 1837 353 1920 αότομότιος
383 1841 402 1924 ἦ
430 1840 645 1936 ἐπισκι’ρτηοις
677 1845 782 1926 (τοῦτο
810 1839 873 1925 γόρ
900 1843 970 1906 ἐστι
991 1840 1028 1906 τό
1051 1844 1189 1924 α’νατρε-

3 1987 5 1990 -
77 1937 222 2024 πόμενον
241 1945 317 2026 παρ’
340 1943 457 2032 ἡμῶν),
482 1947 552 2011 ἀλλ’
573 1947 608 2010 ἐκ
628 1946 721 2009 θείου
743 1944 953 2028 βουλήματος,
973 1937 1019 2009 ὅτι
1040 1940 1084 2025 μὴ
1107 1942 1189 2022 ἐμέ-

49 2041 57 2062 ’
77 2065 151 2118 σοος
171 2040 206 2106 τό
231 2045 319 2108 θεῖον
340 2043 379 2109 τό
402 2050 476 2131 περί
495 2043 551 2131 την
571 2047 679 2131 γηίνην
696 2043 796 2130 φόσιν
817 2047 982 2128 οἰκονομεῖ.
1025 2037 1108 2108 oliuo
1125 2042 1187 2129 γόρ

80 2145 143 2208 καί
165 2142 262 2209 όεεοό
285 2146 304 2231 ἦ
327 2148 433 2233 νεφρόν
461 2152 653 2233 συμπιλησις
673 2144 737 2227 [καί
759 2147 894 2231 βροντῆς
923 2147 943 2232 ἦ
966 2145 1087 2212 τοόταν
1108 2141 1190 2230 σόγ-

83 2266 219 2327 κρουσις
245 2249 300 2312 καί
320 2249 484 2335 α’στραπῆς
513 2248 566 2312 ἐπί
607 2249 705 2336 ταότη
732 2250 896 2332 παραίτιοι
924 2247 1189 2334 καεαφαίνονται·

29 2363 71 2419 20
84 2343 170 2411 υἰλλό
191 2344 226 2412 τὸ
247 2351 309 2413 πᾶν
330 2351 384 2434 τῆς
407 2352 499 2426 θείας
519 2349 645 2432 γνώμης
660 2344 740 2414 κατό
763 2346 837 2425 τοός
858 2347 1074 2432 εόοεβοόντας
1095 2345 1191 2434 ἐξηρ-

85 2472 192 2532 τηεαι.

189 2551 235 2615 Ἐκ
265 2553 300 2615 tt
324 2561 389 2629 τοῖς
419 2555 653 2629 Μακεδονικοῖς
679 2557 809 2637 μέρεσιν
842 2549 878 2617 αἱ
909 2551 1062 2635 παράλιοι
1084 2552 1191 2628 πόλεις

87 2653 156 2718 κατ’
178 2654 297 2739 ἐκείνην
326 2649 503 2739 τηννόκτα
522 2654 644 2739 μᾶλλον
670 2656 734 2719 τοῖν
762 2645 866 2721 όλλοον
887 2648 1077 2739 πεπόνθασι,
1096 2651 1190 2722 ‘Pot-

165 2811 375 2884 ffiflmst

90 2976 173 3015 renen
191 2976 276 3029 αρσια
295 2961 323 3013 in
341 2968 429 3014 terrae
446 2960 578 3030 specubus
597 2971 670 3015 motu
689 2969 717 3013 et
735 2968 876 3015 ventorum
894 2962 922 3013 in
940 2959 982 3013 liis
1000 2960 1106 3013 turbine
1125 2977 1190 3015 ern.

91 3033 1189 3118 mmMmemQMm.mmmmmmmm

91 3103 225 3172 specubus
244 3113 331 3156 temne
348 3112 538 3174 torquerentur
558 3114 586 3157 et
613 3107 734 3172 spiritum
754 3119 934 3171 comprensum
953 3109 1088 3186 cuperent,
1107 3111 1137 3154 ut
1163 3102 1191 3153 hi
1232 3115 1234 3120 ·

92 3178 199 3238 dicunt,
219 3184 306 3227 motus
327 3175 493 3242 efficeretur,
521 3185 594 3229 certe
616 3176 801 3228 confusionom
824 3175 936 3226 haberet
955 3173 1075 3239 eruptio,
1102 3189 1192 3240 neque

91 3248 125 3299 ud
145 3261 234 3299 curum
253 3246 424 3299 infallibilem
443 3250 580 3317 ingentem
600 3249 690 3300 finiret
708 3248 851 3314 impetum,
875 3246 939 3314 quin
958 3246 1110 3295 uniuersum
1136 3252 1193 3295 rtu-

92 3310 1190 3385 tmmmm.nmmmmwaefflmmmmmmm

93 3388 299 3458 significationis
319 3390 417 3441 lectum
437 3392 542 3458 eruptio
561 3391 593 3442 ed
618 3390 803 3441 remissionem
829 3397 855 3440 et
885 3389 1067 3442 educationem
1098 3387 1193 3438 humo.
1248 3447 1254 3453 .

92 3476 187 3513 norum
207 3463 414 3527 propositorum,
430 3470 457 3513 et
474 3462 582 3515 divinae
601 3460 783 3529 indulgentiae
801 3473 898 3527 poena,
910 3475 946 3512 ne
966 3459 1083 3512 {unditus
1101 3464 1195 3524 pereat

93 3536 188 3601 genius,
208 3532 255 3583 sed
278 3541 307 3583 ut
324 3533 351 3583 id
370 3533 491 3585 advertat
511 3532 677 3584 melioribus.
716 3532 786 3599 quod
804 3539 891 3583 nutem
912 3533 1193 3599 espirituventorum,

93 3604 154 3656 sivo
174 3604 252 3653 etium
271 3618 397 3671 aquarum
418 3611 491 3653 motu
511 3604 718 3655 oriaturterrae
737 3604 893 3667 concursio,
918 3617 971 3654 non
992 3610 1033 3653 ert
1057 3601 1193 3667 ineptum,

92 3689 184 3741 neque
202 3675 288 3741 ipsum
309 3674 379 3742 quod
398 3675 493 3729 attinet
512 3675 659 3727 nntnrnlem
680 3683 844 3742 apparatum.
882 3674 941 3724 lieri
962 3673 1032 3723 enim
1057 3671 1109 3722 hoc
1140 3686 1193 3738 po.
1224 3708 1229 3716 .

94 3753 146 3797 test
165 3746 283 3809 omnino,
304 3746 349 3796 sed
368 3760 423 3795 non
442 3753 543 3796 temero
555 3747 591 3798 ur
611 3750 731 3813 eruptio:
752 3743 803 3795 hoc
822 3745 893 3795 enim
912 3743 979 3796 illud
998 3751 1062 3806 est,
1087 3744 1158 3811 quod
1177 3758 1194 3793 α

92 3816 171 3868 nobis
190 3814 339 3867 refutatur:
359 3816 406 3868 sed
425 3816 515 3868 divina
534 3817 686 3900 voluntate,⁸
701 3817 755 3869 nisi
773 3816 832 3867 nine
844 3815 932 3867 medio
952 3830 1049 3866 numen
1075 3815 1193 3867 divinum

93 3896 226 3939 terrenum
246 3895 366 3939 naturum
386 3888 567 3949 administrat:
586 3890 623 3939 ita
645 3889 716 3939 enim
736 3888 813 3938 etiam
832 3886 923 3938 imbris
943 3895 970 3938 et
987 3886 1096 3938 nubium
1117 3901 1192 3937 com.

92 3958 198 4026 pressio
226 3966 252 4009 et
276 3961 390 4011 tonitrui
416 3959 509 4011 horum
529 3959 694 4041 compulsio,
723 3965 751 4009 et
768 3956 929 4024 fulgerium
950 3957 1001 4008 hnc
1019 3974 1049 4010 re
1068 3965 1193 4031 nnotorer

93 4038 239 4097 apparente
258 4031 305 4081 sed
323 4038 406 4083 totum
425 4031 532 4085 divinae
551 4029 702 4083 tententiae
721 4028 864 4080 secundum
884 4030 942 4095 plot
961 4017 1130 4083 coniunctum
1142 4037 1192 4081 est

197 4101 227 4153 ln
246 4100 426 4155 llucedonicis
447 4110 533 4155 nutem
554 4101 674 4169 partibus
693 4100 841 4152 maritimae
859 4100 938 4152 urbes
957 4101 1006 4153 illa
1023 4108 1104 4152 nocte
1133 4099 1193 4167 plus

96 4172 195 4225 ceteris
215 4188 309 4243 ρεεεεε
328 4180 399 4241 nunt,
418 4174 571 4227 liuidestum
590 4173 649 4227 dico
669 4180 695 4225 et
714 4172 823 4227 Panium
843 4173 894 4223 οε
886 4187 973 4241 iprum
988 4171 1193 4242 llyrioplrytnm
