2834 4750
244 266 269 338 8
526 263 745 337 ulcutnm
783 260 1041 335 turtulam

245 430 392 518 ἔφαμεν,
416 424 640 512 εἰσενηνοχότα
669 425 726 510 τήν
746 427 984 511 χρησιμόιητα,
1015 426 1206 493 διδασκαλία
1233 425 1349 510 σαφής

245 534 483 616 χρηματίζοντα
507 530 562 592 καί
583 526 713 611 ῥυθμός
734 532 797 593 πυόν
816 531 999 608 μετέπειτα,
1019 525 1098 610 πρὸς
1117 525 1251 610 μόμησιν
1273 527 1353 592 oise-
1404 529 1405 619 J

244 633 331 716 χνοῖς
351 617 481 696 ἕλκοντα
504 631 567 694 τῶν
589 620 625 692 εδ
649 630 895 711 διακεκριμένων
912 626 967 691 καί
976 624 1354 710 α’πονροπήνεοόνάσυμ-

243 728 367 814 βσόλοος
388 733 442 796 καί
469 733 629 805 δυσκλεῶς
654 732 883 812 πεπραγμένων
905 726 938 792 όν
960 732 1110 809 πολόμοις
1137 726 1194 792 καί
1225 725 1356 811 μάχαις

245 836 300 896 καί
319 839 440 907 λοιποῖς
461 826 723 912 ἀναγκαιοτάτοις
745 830 972 912 ἐπιχειρήμασι
994 829 1052 892 καό
1066 825 1278 912 προβλήμασι.
1303 826 1378 894 διό5
1405 894 1406 921 ,

245 929 285 1016 δή
309 930 396 1010 ἔδοξε
419 934 537 1014 κάμοί,
567 936 671 994 καιίοι
700 934 834 1013 μορίαις
867 931 1034 1012 α’σχολόαις
1058 927 1189 994 σι’λόοντι
1211 929 1286 1012 περὶ
1313 922 1352 994 τό
1405 952 1406 979 1

245 1029 463 1115 στρατόπεδον
485 1031 540 1095 καὶ
559 1034 753 1104 δικαστικοῐς
776 1025 936 1112 διαλόγοις
957 1029 1012 1094 αἐό
1029 1030 1283 1117 περιδονουμὲνηι
1296 1029 1357 1094 καί

246 1125 320 1196 όσαι
343 1123 427 1213 οδραι
450 1141 514 1206 τοῖς
537 1135 570 1209 ἐξ
588 1129 696 1195 αόευόν
719 1129 949 1212 συγγράμμασι
974 1129 1146 1211 κάμνοντι,
1165 1128 1355 1213 προσθήκην

246 1233 420 1316 όμποιήσαι
441 1240 505 1307 τοῖς
527 1227 633 1306 πόνοις
652 1233 712 1294 καί
728 1225 829 1313 μικροὶ
852 1221 932 1295 άττα
954 1232 1117 1312 διαλαβεῖν
1145 1234 1268 1314 βραχεῖ
1284 1254 1353 1294 τινι
1406 1260 1407 1309 5

247 1325 368 1416 ῥήματι
390 1332 445 1394 καί
466 1330 627 1420 άπλσϊκρλ,
659 1323 744 1395 καθά
767 1330 918 1414 προσήκει
941 1339 1008 1406 τοῖς
1031 1328 1173 1413 ἱστορίας
1204 1327 1391 1412 συγγρά-λλ

184 1427 188 1429 ’
248 1453 387 1516 φσυσιν,
418 1425 467 1495 ότι
488 1428 533 1515 μή
560 1424 768 1516 άγοονιστικός
790 1430 807 1494 ό
828 1428 919 1512 λόγος
940 1432 996 1495 καί
1016 1426 1069 1495 διά
1089 1430 1181 1494 τοῦτο
1201 1428 1353 1509 μεθόδου

249 1527 481 1613 προσδεόμενος
504 1536 674 1615 τεχνικῆς,
706 1529 774 1596 ἄλλ’
805 1527 962 1614 όστορικός
993 1533 1047 1596 και1
1069 1528 1201 1615 διπλόης
1223 1527 1355 1612 ἁπάσης
1406 1590 1407 1597 ,

247 1627 303 1693 καί
324 1629 546 1714 άκαιρολογιάς
568 1623 751 1715 άνοότερος,
781 1633 856 1714 περὶ
885 1621 930 1695 ὧν
960 1632 1018 1696 οόκ
1049 1632 1129 1717 α’κοῇ
1149 1627 1204 1694 καό
1228 1631 1354 1708 μάθοις
1407 1646 1408 1671 ³

246 1726 360 1812 ἑτέρων
384 1729 575 1814 παρέλαβον,
588 1732 657 1796 αλλ’
679 1723 724 1796 σόν
746 1729 845 1806 ου’τός
868 1729 1028 1814 αὐτόπτης
1040 1735 1096 1795 καό
1116 1729 1236 1814 θεατής
1250 1732 1358 1814 ε’χρη-

246 1828 379 1913 μάτισα,
403 1830 455 1895 ἵνα
475 1835 520 1918 μή
543 1825 644 1919 λήθης
662 1830 841 1914 βυθοϊςδιά
868 1833 924 1914 τῆς
939 1834 1002 1899 ,κου’
1021 1831 1140 1915 χρόνου
1164 1831 1391 1916 παρσρροήςλο

248 1927 286 1997 τά
309 1931 403 2014 λόγου
425 1935 481 1998 καί
503 1927 577 2014 άξια
601 1937 830 2018 συγχωσθεῖεν,
851 1930 932 1998 άλλά
956 1929 1160 2023 ἐήνιμνήμην
1183 1929 1353 1996 α’θάνατον

250 2029 377 2118 ἔχωσιν.
1035 2057 1040 2061 ·

125 2174 150 2211 2,
172 2155 241 2214 1034
340 2126 434 2218 ’Ἀρτι
458 2132 497 2199 τά
510 2132 676 2217 Ῥωμαίων
692 2122 1021 2218 σκήπτραδιόπυνιος
1040 2136 1099 2198 τοῦ
1115 2135 1172 2216 τής
1194 2132 1354 2213 ου’σεβοῦς

110 2229 152 2282 ¹¹·
161 2229 240 2300 Aiifl
250 2230 365 2320 λήξεως
385 2239 541 2316 βασιλέως
566 2235 715 2320 Μιχαήλ,
737 2225 762 2324 ᾧ
786 2235 899 2318 πατρός
921 2235 940 2319 ἦ
960 2235 1020 2300 τῶν
1045 2234 1274 2319 Παφλαγόνων
1298 2236 1355 2319 ε’γ-

210 2351 215 2363 “
248 2341 399 2422 νοοριζετο
426 2336 592 2423 ἐπαρχία,
627 2334 868 2422 κατεπολεμήθη
889 2334 924 2403 τό
954 2339 1016 2402 πυόν
1045 2335 1226 2420 Ἀγαρηνοόν
1248 2335 1390 2421 polioeno

146 2484 152 2491 ·
249 2436 328 2521 πρός
349 2436 487 2523 ἑσπέραν
508 2442 541 2503 ἐν
561 2442 688 2527 Σικελία
711 2447 871 2513 ναυτικαῖς
894 2462 926 2503 τε
950 2440 1007 2503 eei
1027 2439 1170 2515 πεζικαῖς
1180 2436 1353 2517 Ῥωμαίων
1409 2483 1410 2578 η

318 2620 506 2748 ἰὲέλκρνῦ..
617 2621 859 2698 &admoventi
982 2620 1016 2678 14
1032 2622 1155 2695 λιαλρυν
1172 2619 1210 2676 (it
1229 2581 1410 2675 (torserit¹

342 2709 462 2749 runem.

248 2849 432 2903 victorialem
450 2850 568 2905 arridere
588 2859 680 2906 coacta
699 2860 772 2906 esset
788 2852 833 2919 iis,
853 2853 1005 2907 deleverint
1031 2851 1159 2905 meliores
1184 2865 1265 2918 spes,
1291 2866 1352 2905 non

247 2920 393 2989 prudenter
411 2921 452 2972 usi
472 2922 587 2975 casibus.
625 2923 691 2974 bneo
717 2924 799 2991 igitur
818 2941 869 2992 per
887 2924 1024 2976 historiam
1043 2925 1165 2986 detecta,
1190 2938 1249 2978 enm
1273 2922 1353 2975 mul..

248 3000 311 3055 tam,
331 3000 361 3043 ut
380 2992 502 3055 diximus,
522 2994 662 3047 attulerint
680 2994 840 3060 utilitatem,
858 2997 992 3048 institutio
1011 2996 1160 3062 sapientiae
1186 2999 1227 3069 est
1252 2994 1276 3044 ei
1301 2997 1352 3062 qui

248 3062 328 3115 rebus
347 3064 454 3116 summis
478 3074 601 3131 praeest,
628 3073 655 3117 et
679 3058 827 3119 m‘oderatio
850 3068 966 3134 posteris
994 3066 1170 3118 imitationem
1190 3066 1351 3117 necessario

250 3135 368 3187 excitans
387 3134 457 3185 bene
476 3135 678 3189 diiudicatorum
699 3144 726 3188 et
747 3139 918 3192 aversionem
937 3152 1045 3201 eorum,
1070 3151 1139 3205 quae
1165 3136 1351 3202 imprudenter

249 3212 276 3259 et
293 3206 352 3256 sine
371 3206 459 3274 gloria
477 3216 554 3276 gesta
572 3210 678 3262 suntin
696 3208 778 3260 bellis
793 3218 820 3261 et
838 3207 950 3276 proeliis
970 3216 997 3259 et
1011 3210 1111 3262 ceteris
1123 3208 1236 3259 maxime
1247 3222 1351 3259 neces.

247 3276 325 3330 sariis
334 3276 448 3342 inceptis
465 3278 707 3332 etdiltienitatibus.
728 3289 872 3347 propterea
884 3280 967 3349 igitur
986 3280 1071 3331 risum
1091 3286 1132 3330 est
1150 3277 1215 3329 mibi
1229 3292 1350 3346 quoque,

247 3345 313 3399 lieet
331 3346 569 3401 innumerabilibus
586 3351 704 3418 negotiis
722 3350 827 3403 turbato
846 3352 887 3403 rei
903 3350 1023 3403 militaris
1034 3357 1061 3402 et
1079 3350 1226 3401 iudiciariis
1233 3357 1350 3401 eontra.

248 3418 346 3471 versiis
365 3419 480 3470 excitato
493 3426 519 3469 et
536 3419 646 3471 multum
664 3428 769 3488 tempus
782 3423 881 3489 scripta
894 3421 987 3473 talium
996 3435 1085 3473 rerum
1098 3418 1240 3483 laboranti,
1251 3434 1350 3472 acces.

248 3490 349 3541 sionem
371 3489 461 3541 lacere
480 3489 616 3543 laboribus
637 3499 663 3543 et
682 3507 768 3558 pauca
787 3493 915 3561 quaedam
934 3492 1162 3559 comprehendere
1181 3490 1258 3543 brevi
1275 3506 1350 3559 quo.

249 3561 306 3613 dam
326 3562 454 3613 orationis
473 3577 574 3631 genere
594 3570 621 3614 et
639 3563 755 3628 simplici
776 3565 829 3632 (uti
848 3564 929 3616 decet
947 3562 1349 3630 historiarumseriptoresnisi

249 3632 334 3683 oratio
353 3632 388 3684 sit
408 3648 422 3682 e
441 3648 542 3702 genere
563 3634 771 3700 disputationum
791 3642 817 3686 et
835 3640 978 3702 propterea
996 3633 1112 3685 methodi
1131 3641 1261 3701 appetens
1279 3634 1349 3685 arti.

248 3702 376 3765 dolosae,
396 3703 443 3754 sed
461 3704 589 3757 historica
615 3712 642 3757 et
662 3704 823 3779 abundantia
850 3706 922 3757 omni
949 3712 976 3757 et
999 3704 1163 3772 loquacitate
1189 3705 1349 3773 superior),

248 3772 281 3824 de
299 3772 343 3835 iis,
364 3787 431 3840 quae
450 3789 504 3827 non
525 3777 604 3830 lando
623 3783 669 3828 aut
687 3776 854 3829 sermonibus
872 3775 985 3829 aliorum
1003 3776 1166 3843 acceperim,
1185 3776 1232 3829 sed
1250 3776 1348 3844 quibus

248 3844 306 3910 ipse
325 3844 401 3893 testie
424 3852 450 3894 et
468 3855 603 3912 spectatur
622 3848 806 3912 interfuerim,
824 3862 859 3899 ne
885 3847 1029 3902 oblivionis
1053 3847 1227 3916 voraginibus
1256 3846 1348 3900 llneti.

247 3912 297 3966 bus
315 3914 442 3981 temporis
461 3931 529 3983 quae
545 3920 699 3971 narratione
718 3920 797 3971 etiam
817 3920 896 3987 digna
915 3920 977 3982 sint,
996 3918 1201 3982 confundantur,
1220 3919 1268 3971 sed
1285 3935 1347 3970 me.

246 3985 358 4035 moriam
376 3986 550 4038 immortalem
568 3992 765 4043 nanciscantur.

346 4068 437 4139 lluper
455 4072 594 4139 imperium
613 4076 773 4132 Graecorum
790 4086 904 4148 gerente
921 4094 987 4148 repe
1005 4080 1050 4146 pia
1059 4085 1144 4130 morte
1152 4076 1281 4129 defuneto
1293 4079 1347 4131 nt.

250 4136 356 4211 0¹¹⁸0¹02
375 4143 418 4197 ⁰¹²¹
437 4145 522 4214 putria
540 4142 747 4218 Paphlagonum
759 4150 900 4219 ριουίισίε
917 4147 1120 4215 nobilitabatur,
1138 4146 1240 4203 belluas
1255 4148 1349 4216 intulit
