2834 4750
234 261 309 343 ΞΜ
525 264 750 338 utentum
777 263 1037 336 imbutores

234 441 293 502 eor
310 431 473 518 ἠρώτησεν
496 429 656 517 ὄΦωκάς,
678 431 864 513 δομεστικὸς
886 424 932 497 άν
954 427 1062 515 πάσης
1078 431 1256 513 α’νατσλῆς
1277 454 1360 514 τηνι·

234 538 332 601 ταῦτα
356 531 412 598 καί
431 536 476 621 τρῖ
495 535 558 599 ταῖν
580 534 762 617 μαγίστρων
782 532 939 614 α’ξιάματι
963 530 1102 612 ἔντιμος,
1126 533 1204 605 πῶς
1226 527 1360 604 άτάπος

233 636 293 719 εἶφ’
313 625 412 716 οὗπερ
434 634 608 718 ἐξορμῆσαι
625 636 733 714 μέλλει
754 631 1013 715 κατονομάζεται.
1035 631 1094 694 καί
1116 631 1263 715 ἐπείπερ
1287 633 1360 711 ἐμε-

233 733 371 819 μαθήκει
397 725 446 798 ὅτι
469 736 617 818 φυγὲλλα
648 730 750 821 τούτῳ
772 731 808 798 τά
831 723 951 814 ὄνομα,
981 734 1020 796 ου’
1042 733 1250 808 κατεδέξατο
1267 735 1358 795 τοάτι

170 835 172 842 ’
234 833 433 918 ποιήσασθαι
461 833 675 918 ὁρμητήριον,
698 831 777 898 ttae
797 836 897 919 πέραν
920 837 955 898 ἐκ
983 836 1108 898 πολλοῦ
1130 835 1376 916 άταστήμιιτοςῡ

233 933 432 1019 α’κρωτὴριον
461 940 527 1010 τοῖς
557 932 742 1018 ὀφθαλμοῖς
775 930 919 998 ε’πελθάν
949 935 1087 998 tutone
1119 936 1209 1016 περί
1232 930 1353 1012 τούτου,

233 1045 323 1102 ποῖον
344 1034 437 1102 τοῦτο’
461 1037 527 1100 ἐστι
548 1037 603 1100 καί
633 1028 720 1111 ὅπως
750 1034 1044 1120 προσαγορεύεται,
1081 1038 1141 1098 καί
1162 1035 1294 1114 μαθών
1311 1028 1353 1099 ὅτι

229 1137 324 1220 Ἀγία
353 1140 398 1223 τῷ
425 1130 599 1224 άκροθινίρι
627 1132 662 1199 τά
688 1127 806 1220 ἄνομα,
836 1132 874 1199 τά
903 1139 978 1216 μὲν,
995 1136 1232 1218 ἐμβεβλημένα
1254 1134 1354 1199 πάντα

234 1244 301 1314 τοϊς
322 1239 443 1313 πλοίοις
466 1239 498 1302 ἐν
513 1245 577 1312 τοῖς
590 1237 766 1319 Φυγέλλοις
789 1233 885 1300 πάλιν
907 1235 1170 1319 α’περεάξασθαι,
1188 1233 1234 1299 τά
1264 1239 1352 1308 πλοῖα

235 1343 395 1425 πεποίηκε,
416 1337 468 1404 τὸν
492 1339 528 1403 δὲ
550 1336 663 1402 στόλον
686 1332 814 1401 άπαντα
837 1341 877 1424 τῇ
901 1340 941 1422 γῇ
961 1341 1016 1421 τῆς
1040 1337 1157 1414 Ἁγίας
1179 1345 1381 1419 προσαιτεῖ-ιο

236 1445 300 1522 λαι,
322 1436 548 1519 διαταξάμενος
568 1439 670 1504 ἐκεῖσὲ
690 1461 725 1502 τε
744 1439 802 1521 τήν
822 1435 997 1520 ἐμπλάισιν
1019 1433 1153 1520 κοίτην
1176 1433 1351 1523 ἐξόρμησιν

235 1543 291 1623 τῆς
311 1541 461 1622 ναυτικῆς
484 1537 660 1621 δυνάμεως,
683 1540 833 1626 συμβόλῳ
850 1541 979 1625 χρηστῷ
1000 1537 1054 1602 καί
1067 1541 1184 1625 synopi
1207 1565 1350 1625 χρηστη-

238 1645 295 1729 ρίῳ
318 1643 359 1726 τῷ
388 1640 471 1728 τόπερ
508 1643 563 1723 τῆς
590 1639 768 1724 ἁγιωσύνης
795 1637 1142 1724 χρησάμενος,καίτὸ
1171 1642 1349 1723 moytiam

142 1747 146 1758 ’
238 1740 280 1818 oie
303 1739 410 1828 φυγὴν
439 1738 712 1826 προαινιττόμενον
748 1732 1026 1822 α’πυτιναξάμενος.
1085 1738 1140 1804 διά
1176 1743 1279 1806 τοῦτο
1301 1743 1350 1804 καί

213 1865 216 1870 ·
236 1846 391 1928 χρονίσας
413 1840 506 1929 λιτῇ
524 1839 609 1927 νήσῳ
631 1843 672 1928 τῇ
692 1844 769 1928 Νηῷ
785 1845 937 1928 λεγομένη
952 1837 1033 1922 μετά
1054 1842 1113 1904 τοῦ
1125 1841 1244 1906 στόλου
1271 1852 1381 1924 αρν-15

156 1953 158 1958 ’
237 1940 301 2025 τός,
323 1943 442 2008 ου’δένα
473 1944 532 2024 μὲν
560 1936 626 2024 εἶχε
657 1941 712 2006 τὸν
748 1941 944 2027 ὁδηγήσοντα
973 1940 1052 2026 πράς
1074 1939 1142 2025 ’την
1169 1945 1276 2026 νῆσον
1296 1939 1351 2024 cair

188 2085 214 2126 g
239 2044 381 2131 Κρήτην,
401 2043 454 2108 διὰ
475 2041 511 2109 τά
534 2044 657 2127 ἀγνοεῖν
676 2042 799 2118 πάντας
815 2042 873 2126 την
889 2041 965 2108 ciritio
986 2048 1108 2130 ἐκείνην
1131 2047 1165 2108 ἑκ
1186 2046 1250 2108 τοῦ
1272 2066 1349 2128 χρο.

237 2154 301 2220 νοῖς
322 2151 447 2222 πολλοῖς
467 2143 523 2236 μὴ,
535 2147 733 2230 παραδοῦσαι
747 2146 869 2210 ἐκεῖθεν
889 2152 997 2211 πλοῖον
1015 2141 1219 2225 Ῥωμαϊκόν·
1244 2143 1348 2227 dept-

238 2269 300 2321 τως
322 2248 357 2308 δὲ
379 2249 453 2328 νῆαι
467 2248 679 2331 Καρπαθικαί
704 2245 762 2308 δύο
784 2242 836 2308 τὸν
854 2244 1036 2311 κατάπλουν
1058 2245 1105 2310 ἐπ’
1128 2245 1232 2311 ου’τὸν
1256 2269 1347 2328 ποιη.

237 2345 374 2429 σάμεναι
395 2348 656 2433 προωδοποίησεν
676 2345 765 2433 crispi
782 2342 841 2429 την
862 2345 1047 2433 ὁδοιπορίαν
1066 2349 1122 2411 καί
1141 2349 1190 2421 είς
1214 2344 1380 2431 Κράτητα)

238 2444 418 2532 ἀπήγαγον,
448 2451 505 2513 τοῦ
526 2452 604 2511 θεοῦ
625 2444 751 2521 πάντως
773 2443 813 2510 τά
841 2448 910 2511 κατ’
930 2446 1032 2512 αὐτόν
1054 2446 1278 2528 διιθάνοντος,
1309 2445 1349 2520 ὥς

237 2550 508 2635 εὐαρεστουμένου
531 2552 569 2635 τῇ
589 2548 740 2636 είλαβείρ
760 2546 813 2631 τῆς
833 2550 980 2625 πίστεως.

339 2652 410 2725 Καί
443 2642 527 2723 ὅπως
555 2652 614 2731 μὲν
645 2644 726 2731 μετά
761 2645 798 2712 τὸ
817 2638 855 2735 τῇ
882 2651 967 2737 νήσῳ
986 2652 1242 2741 προσμιξαιιιαί
1267 2647 1348 2729 οἵαις

240 2974 299 3026 ves,
318 2958 495 3032 interrogarit
513 2960 626 3029 Phocus,
647 2964 808 3017 domesticus
836 2974 890 3017 tum
910 2965 995 3016 omnis
1019 2965 1130 3017 orientis
1152 2973 1181 3017 et
1199 2967 1345 3036 magistro.

241 3048 298 3085 rum
318 3034 447 3101 dignitate
467 3042 585 3099 ornatus,
606 3037 739 3107 quomodo
757 3033 843 3100 loeus,
863 3052 897 3087 ex
921 3051 973 3104 quo
992 3052 1167 3103 processurus
1189 3047 1276 3102 esset,
1295 3055 1345 3091 ro-

242 3113 356 3170 caretur,
378 3114 404 3157 ct
423 3122 482 3158 cum
500 3104 684 3175 cognovisset,
703 3107 836 3175 Phygella
855 3106 917 3160 huic
937 3124 997 3160 esse
1015 3123 1122 3172 nomen,
1142 3125 1199 3161 uon
1219 3112 1343 3162 sustinuit

242 3176 312 3229 bunc
332 3177 422 3229 facere
442 3179 556 3245 exitum,
581 3179 628 3231 sed
645 3187 718 3230 trans
736 3179 806 3230 bunc
826 3179 914 3230 locum
939 3178 1021 3231 multo
1049 3180 1195 3232 intervallo
1215 3197 1341 3249 promon-

186 3282 194 3296 .
243 3250 341 3301 torium
361 3248 446 3300 oculis
468 3258 606 3303 assecutus
625 3250 802 3317 interrogauit
829 3251 862 3301 de
882 3249 942 3315 boe,
964 3250 1045 3318 quale
1064 3250 1115 3302 boc
1134 3261 1209 3303 essct
1229 3261 1258 3304 et
1276 3268 1339 3321 quo-

191 3350 194 3357 ·
240 3322 319 3373 modo
338 3322 534 3386 nominaretur,
563 3329 642 3389 atque
662 3338 721 3372 cum
742 3322 930 3391 cognovisset,
959 3322 1044 3389 Hugia
1063 3321 1189 3392 (Sancta)
1214 3339 1338 3391 promon-

241 3394 311 3444 torio
331 3407 391 3444 esse
409 3408 515 3457 nomeu,
535 3401 565 3444 ut
581 3409 665 3446 naves
684 3394 783 3457 omnia,
807 3408 884 3461 quam
902 3395 936 3444 iis
955 3394 1079 3459 imposita
1098 3402 1173 3445 eraut
1191 3394 1337 3465 Phygellis,

240 3480 331 3517 rursus
351 3464 496 3529 eiicercut‚
517 3466 635 3516 curavit:
662 3464 774 3516 classem
800 3472 888 3516 autem
913 3465 1065 3516 universam
1095 3473 1238 3533 postquam
1256 3476 1336 3519 terrae

142 3576 144 3581 .
240 3536 341 3605 Hagiae
360 3535 500 3603 appellere
510 3537 596 3599 iussit,
615 3535 706 3603 ibique
720 3536 834 3587 instituit
851 3536 1072 3592 conscensionem
1089 3546 1116 3588 et
1133 3552 1275 3605 egressum
1293 3555 1335 3590 ua-

70 3605 74 3613 '
148 3622 173 3667 ,·
242 3607 342 3660 vatium
363 3608 469 3672 virium,
488 3615 517 3658 ut
535 3608 611 3676 signo
630 3606 692 3673 utili
717 3615 744 3658 et
761 3606 834 3657 bono
853 3606 964 3658 oraculo
983 3606 1044 3659 loco
1065 3609 1215 3661 sanctitatis
1235 3626 1297 3661 usne
1313 3617 1337 3659 et

240 3676 373 3747 Phygella
391 3681 466 3748 quasi
487 3678 576 3747 fugam
595 3678 773 3747 significantia
799 3680 947 3730 excutiens.
984 3687 1129 3745 propterea
1148 3681 1230 3731 ctiam
1249 3697 1334 3733 versa-

240 3756 282 3801 tus
301 3750 328 3801 iu
347 3750 535 3820 insula,'quae
554 3750 626 3803 Neue
645 3750 792 3813 dicebatur,
813 3766 872 3808 cum
886 3749 972 3802 classe
990 3758 1047 3801 tota
1065 3752 1198 3804 nemiuem
1218 3754 1336 3819 reperie-

239 3818 285 3870 bat
312 3821 382 3871 viam
407 3828 611 3875 monstraturum
636 3822 668 3872 ad
695 3821 810 3873 insulam
834 3821 958 3885 Cretam,
985 3837 1044 3873 cum
1069 3826 1160 3873 omues
1186 3824 1335 3891 ignorarent

240 3890 292 3939 iter
308 3890 384 3956 illud,
403 3896 465 3961 quia
484 3908 532 3960 per
550 3902 669 3960 tempora
690 3892 771 3943 multa
789 3907 842 3943 uon
861 3894 1038 3959 praeterierat
1056 3893 1118 3943 inde
1135 3895 1274 3963 navigium
1283 3895 1333 3946 ito.

240 3974 359 4013 uranum:
384 3964 497 4017 obscure
515 3972 603 4016 autem
626 3980 709 4018 naves
732 3962 906 4031 Carpatbicae
931 3964 999 4015 duae
1022 3964 1055 4015 ad
1080 3980 1139 4015 cum
1158 3965 1286 4017 adrectae
1311 3967 1334 4015 ei

240 4039 419 4085 monstrarunt
445 4037 496 4086 iter
526 4050 638 4105 eumque
657 4038 684 4086 iu
705 4035 812 4089 Cretam
828 4036 977 4100 duxeruut,
1005 4035 1056 4103 cieo
1085 4036 1193 4087 omuino
1220 4052 1264 4089 res
1281 4038 1332 4088 eius

242 4100 417 4173 gubernante,
437 4112 466 4156 ut
483 4106 614 4173 placentis
634 4108 782 4159 attentione
801 4107 873 4158 fidei.

340 4192 428 4277 Atque
456 4196 587 4262 quomodo
611 4194 880 4261 postquam'iusulae
909 4196 1013 4263 appulit
1036 4204 1065 4247 et
1082 4185 1206 4265 qualibus
1225 4212 1287 4251 usus
1301 4197 1332 4251 ait
