2834 4750
310 259 315 270 '
390 279 431 326 ·-
521 252 734 354 nnnoam
1103 289 1176 362 att·

152 448 213 510 Ἐν
239 441 344 534 τούτῳ
366 445 401 510 δὲ
424 447 469 533 τῷ
490 439 555 512 έτιι
578 449 632 511 καί
650 445 768 530 τέρατά
790 468 859 510 τινα
884 446 1110 534 κατεφάνησαν
1133 453 1179 527 εἰς

28 547 101 630 τήν
126 544 324 626 Βύζαντος.
370 547 501 629 τρίπους
522 569 557 610 τε
586 544 648 632 γὰρ
673 539 760 630 όρνις
780 544 951 632 ἐγεννήθη,
972 551 1028 614 καί
1050 553 1179 618 παιδίον

28 645 176 732 ἐτέχθη
214 645 300 712 κατὰ
323 649 470 728 μέτωπον
500 643 575 730 ἔχον
603 645 659 712 τόν
680 645 853 732 ὀφθαλμόν
863 693 875 724 ,
890 708 894 711 .
909 650 964 712 καί
989 652 1102 732 τοῦτον
1122 654 1179 717 ἕνα

30 751 99 812 καί
125 747 260 830 μόνον,
282 748 488 831 τραγοσκελές
510 747 544 813 δὲ
566 747 642 824 τοός
667 745 791 825 πόδας·
834 750 891 813 καί
910 752 1065 833 προτεθὲν
1084 753 1118 815 έν
1138 755 1180 838 τῇ

6 852 107 915 ὀτοόν
133 848 358 942 διακονίοσης
389 846 525 937 δημοσίᾳ
553 848 702 936 παρόδῳ.
720 846 887 931 κλαυθμόν
925 842 1179 936 η’φίειπαιδιιιηῖ

33 948 291 1035 προσεοικότα.
336 946 393 1014 δόο
416 949 451 1012 δὲ
473 950 535 1012 τῶν
558 942 729 1014 οἷθανότων
750 951 951 1030 στρατιωτῶν
971 951 1102 1042 πλησίον
1122 953 1180 1016 τοῦ

35 1051 197 1116 dorestad
223 1049 281 1134 τῆς
300 1052 423 1126 πόλεως
446 1049 575 1132 τείχους
596 1051 629 1114 έν
652 1050 794 1139 δημοσίρ
822 1049 908 1138 τόπιρ
934 1048 1180 1134 κεραυνόβλητοι

35 1150 249 1235 γεγόνασιν.
305 1149 345 1214 οδ
371 1147 435 1234 μὴν
468 1151 505 1214 δὲ
530 1148 612 1216 α’λλοὶ
642 1152 699 1215 καί
719 1153 753 1215 έν
782 1151 914 1236 ου’ρανιῖι
941 1147 1081 1236 κομῆταί
1095 1173 1180 1226 τινες

36 1255 302 1341 παρττείνοντο.
331 1311 336 1316 ,

8 1369 28 1421 0
159 1353 261 1419 Ἐπεί
281 1356 317 1418 δὲ
349 1356 404 1420 καί
426 1349 483 1438 την
506 1349 589 1419 ἓιόαν
623 1351 653 1418 οἱ
672 1355 774 1420 δοιοῖσι
795 1358 1072 1430 καταναλίσκοντες
1095 1345 1178 1440 ἦσαν

41 1453 234 1539 βάρβαροι
257 1453 312 1518 καί
333 1457 527 1539 πορθοῦντες
549 1453 605 1519 καί
631 1455 891 1540 καταβάλλοντες,
912 1458 1034 1539 πλῆθος
1057 1455 1179 1520 ἐκεῖθεν

44 1550 232 1638 ὁσημέραι
263 1557 301 1642 τῇ
326 1557 471 1638 βασιλᾶλι
503 1557 737 1641 προσέφευγον,
762 1547 779 1619 ό
802 1578 836 1619 τε
857 1553 947 1636 λιμός
969 1551 1178 1638 ἒστενοχιόρει

42 1655 201 1738 πάντας,
225 1659 276 1743 τῇ·
291 1657 394 1778 ένδείρι
416 1659 478 1720 τῶν
501 1655 682 1739 ἀναγκαίων
704 1659 904 1741 καταπιέζων
933 1654 1060 1732 αδτοός.
1104 1658 1178 1720 ἑπι-

44 1761 242 1838 γενομένου
267 1759 303 1822 δὲ
325 1759 381 1821 καί
399 1760 566 1840 χειμῶνος,
590 1759 661 1822 ἐπεί
686 1782 744 1864 περ
768 1757 785 1821 ό
807 1755 961 1838 βασιλεδς
991 1754 1180 1842 ἀφιλότιμος

6 1851 100 1922 λ5όιν
127 1859 194 1923 καί
219 1858 350 1946 σφόδρα
374 1860 585 1945 φειδωλίας’
571 1851 722 1941 σχόμενος
744 1859 880 1923 οὐδέν’
865 1883 899 1920 εκ
920 1862 984 1954 τόν
1005 1856 1180 1938 βασιλικων

48 1953 299 2044 θησαυρῶν“
278 1987 296 2043 η
329 1963 382 2043 τῆς
404 1949 500 2042 όλλης
528 1961 678 2042 προνοίας
705 1962 829 2043 εἰσῆγεν
857 1952 966 2042 ητοϊς
999 1959 1031 2021 έν
1051 1947 1179 2038 τέλειη

50 2068 128 2135 τοῖς
146 2063 334 2143 δημοτικοῖς
348 2059 566 2141 παραμύθιον,
587 2059 642 2124 καί
663 2058 792 2144 &auom
807 2058 880 2143 πιρί
900 2055 1019 2122 ἑαυτοῦ
1039 2052 1179 2138 στυγνό-

54 2164 128 2239 ζων
147 2163 229 2226 ου’δὲ
249 2171 344 2244 χεῖρα
361 2164 515 2226 πλουσίαν
531 2155 597 2243 εἶχε
617 2157 694 2244 πρός
715 2160 750 2224 τό
773 2167 839 2234 τοῖς
854 2161 1014 2239 δεομένοις
1029 2159 1179 2241 ἐπαρκεῖν
1246 2153 1250 2159 ’

55 2269 115 2327 καὶ
143 2266 303 2345 παρέχειν
323 2260 362 2326 τό
380 2263 436 2344 τῆς
453 2263 534 2344 ζωῆς
550 2258 665 2346 ἐφόδια
682 2260 751 2348 (διό
772 2257 832 2345 γόρ
857 2259 979 2324 τοότων
1000 2267 1066 2335 τοῖς
1083 2281 1176 2323 πενε-

8 2366 195 2447 λθστέροις
219 2361 263 2437 σός
286 2362 401 2428 ἐπίπαν
422 2360 459 2427 τό
480 2361 621 2448 χρειώδη
634 2356 876 2449 προσόγονται),
899 2360 1000 2437 πολός
1023 2365 1076 2427 καί
1090 2360 1177 2442 δμό-

57 2468 169 2551 θητος-
185 2462 325 2541 δόνατος
343 2469 384 2529 ου’
402 2468 463 2531 τῶν
480 2466 575 2543 ξένων
595 2462 692 2544 μόνον
715 2460 796 2529 α’λλοὶ
820 2468 876 2528 καί
893 2465 1032 2546 τῶντῆς
1053 2465 1176 2538 πόλεως

58 2566 181 2649 δήμων
195 2569 269 2631 καθ’
289 2563 420 2652 ἑκάστην
433 2564 558 2651 ἐγίνετο,
581 2565 624 2641 τός
638 2568 694 2631 κατ’
707 2564 782 2642 τοδς
794 2563 928 2649 νεκροός
943 2563 1052 2630 αότοῖν
1066 2589 1175 2651 σωρη-
1233 2598 1241 2607 ·

62 2664 124 2733 dds
150 2664 188 2733 έν
208 2691 242 2735 τε
263 2676 330 2744 τοῖς
351 2670 529 2751 λεγομένοις
562 2664 709 2751 ἐμβόλοις
741 2670 797 2734 καί
815 2675 881 2744 τοῖς
900 2665 1071 2753 ὖπαιδροις
1094 2665 1175 2733 οἰνα-

172 2964 232 3019 Ηοο
251 2973 339 3017 autem
357 2979 427 3019 anno
452 2965 531 3018 etiam
551 2966 673 3034 prodigia
696 2964 824 3033 quaedum
843 2974 1023 3033 apparuerunt
1038 2965 1174 3033 Byzantii.

63 3039 156 3107 tripes
184 3039 254 3089 enim
282 3038 340 3091 auis
366 3046 507 3106 procreata
533 3046 574 3091 est
600 3036 631 3090 et'
650 3036 738 3089 infans
762 3045 825 3088 nata
853 3045 894 3089 est
911 3040 939 3089 in
966 3036 1055 3087 fronte
1073 3037 1175 3089 habent
1197 3052 1203 3059 ·

66 3110 191 3193 oculum,
209 3118 289 3177 atque
309 3110 379 3162 hune
404 3125 482 3161 unum
503 3118 530 3161 et
554 3110 658 3173 solum,
680 3107 808 3159 ethinci
821 3107 917 3161 similis
936 3107 1058 3174 pedibus,
1080 3116 1108 3159 et
1126 3124 1176 3159 ex-

65 3183 161 3248 posita
180 3183 207 3233 in
226 3182 434 3234 diaconissarum
454 3180 563 3249 publiea
583 3182 687 3247 porticu
701 3178 792 3231 fletum
811 3179 907 3231 edebat
924 3179 1033 3231 infantis
1052 3177 1175 3231 similem.

65 3253 120 3304 duo
142 3260 232 3305 autem
252 3253 438 3305 immortalium
462 3252 575 3310 militum
600 3266 685 3319 prope
709 3249 903 3303 occidentalem
929 3249 1002 3302 urbis
1027 3264 1129 3301 murum
1146 3248 1175 3301 in

65 3324 180 3395 ppblico
206 3323 267 3376 loco
286 3326 319 3378 de
341 3325 419 3377 coelo
445 3325 509 3377 tacti
529 3332 605 3377 suut:
631 3324 777 3378 sedetiam
801 3324 828 3374 in
850 3321 928 3374 coelo
947 3320 1045 3375 stellae
1063 3322 1176 3374 crinitae

66 3386 201 3463 quaedam
220 3396 403 3448 tendebantur.

173 3480 239 3535 Cum
258 3492 344 3535 autem
365 3486 443 3536 etiam
463 3487 592 3537 orientem
619 3484 663 3553 qui
682 3484 721 3536 ibi
747 3492 821 3536 erant
839 3483 945 3536 barbari
965 3484 1130 3536 conficerent
1149 3489 1175 3533 et

67 3555 245 3607 devastarent
272 3560 299 3604 et
323 3555 485 3621 deiicereut,
511 3557 651 3609 multitudo
678 3545 740 3608 inde
767 3553 887 3641 quotidie
911 3557 944 3607 ad
962 3554 1054 3607 urbem
1072 3555 1175 3622 regiam

67 3623 255 3694 confugiebat,
275 3626 378 3692 quando
398 3626 480 3679 fames
497 3626 613 3696 angebat
637 3643 728 3680 omnes
747 3628 839 3694 inopia
857 3644 945 3680 rerum
963 3627 1192 3679 necessariarum
1269 3660 1273 3667 -

68 3711 194 3763 premens
216 3711 272 3748 eos.
310 3699 541 3783 appropinquante
560 3707 647 3751 autem
667 3702 746 3751 etiam
764 3698 851 3751 bieme
871 3700 996 3767 quoniam
1014 3714 1063 3750 rex
1081 3689 1184 3749 illibe-

69 3769 135 3820 ralis
158 3772 185 3819 et
202 3766 282 3820 valde
295 3770 474 3835 parsimoniae
492 3770 597 3822 deditus
610 3771 680 3823 nihil
697 3787 730 3823 ex
747 3772 831 3838 regiis
850 3771 985 3822 thesauris
1004 3769 1050 3821 uel
1069 3768 1175 3837 reliqua

69 3841 211 3892 curatione
229 3838 402 3925 importabat,
422 3841 492 3910 quod
510 3848 555 3892 aut
574 3843 771 3909 magistratibus
793 3849 839 3893 aut
858 3841 958 3908 populo
978 3840 1073 3892 solatio
1093 3849 1173 3906 esset,

72 3916 98 3960 et
117 3913 230 3979 quisque
249 3912 282 3963 de
301 3912 408 3979 seipso
427 3911 561 3965 sollicitus
579 3928 668 3979 neque
686 3929 791 3964 manum
809 3914 919 3968 divitem
938 3911 1053 3964 babebat
1073 3913 1104 3963 ad
1123 3929 1174 3965 au-

7 4038 8 4045 *
71 3980 216 4034 xiliandum
234 3984 359 4051 inopibus
381 3993 409 4036 et
426 3983 590 4069 praebendas
611 3985 684 4035 vitae
708 3985 948 4047 necessitates‚-
914 4000 1015 4067 -per
1036 3983 1084 4036 bos
1105 3986 1175 4037 enim

71 4055 255 4119 egentioribus
270 4054 430 4124 plerumque
446 4050 601 4109 necessaria
620 4055 822 4119 tribuuntur-‚
841 4056 924 4107 multa
943 4065 971 4108 et
988 4057 1082 4125 ingens
1103 4071 1175 4109 mors

62 4112 125 4175 'non
150 4129 353 4195 peregrinorum
382 4125 487 4191 solum,
506 4128 554 4181 sed
572 4128 651 4179 etiam
669 4126 742 4179 urbis
768 4127 916 4179 incolarum
934 4129 1054 4197 quotidie
1074 4128 1174 4182 fiebatz

71 4194 155 4249 itaut
179 4199 259 4251 etiam
285 4200 416 4256 cadavera
443 4214 535 4254 eorum
558 4200 738 4253 coacervatim
764 4201 792 4252 iu
811 4199 967 4268 porticibus,
987 4216 1057 4269 quae
1076 4201 1201 4252 dicun

1215 2750 1255 2791 ·
1341 2793 1345 2815 Ι
