2834 4750
232 217 288 330 m,
518 225 741 294 arcelaus
770 223 1031 292 arranorau

232 392 366 474 σόμενον
390 392 434 453 δι’
466 388 575 453 αότοό.
627 387 670 459 τός
700 391 729 466 δῖ
759 391 963 469 άπεπέμπετο
993 388 1049 454 καί
1075 388 1155 454 κατά
1176 386 1308 472 χώραν
1333 387 1353 450 ό
1393 445 1396 451 ,

228 493 444 577 θηρευόμενας
466 487 569 570 ἔμενε,
590 495 647 556 καί
663 515 692 556 τι
715 487 877 573 προύργου
900 487 1032 572 πράξειν
1050 488 1353 575 οἷπηναισχόντουν

230 592 260 660 αλ
283 591 317 658 έν
336 593 431 680 adad,
453 589 690 674 προσαράσσειν
712 600 780 666 ταῖς
802 593 923 665 καίπαις
947 589 1003 654 οὐκ
1024 593 1057 667 tt
1079 591 1232 665 εὐπλοίας
1254 615 1353 673 σχη-

229 692 441 776 ματιζόμενα.
472 693 707 766 διασωθέντος
738 696 845 756 τοίνυν
873 695 930 755 tori
949 695 1107 772 βασιλέως
1136 690 1279 774 άδιγοῦς
1315 694 1352 756 έν

229 803 292 872 τοίς
325 793 524 878 άνακεόροις,
565 795 635 859 duel
673 797 729 858 καί
764 788 782 854 ό
811 791 925 862 τοότοο
956 792 1158 878 ου’τόδελφος
1193 793 1250 857 διά
1291 793 1376 876 τῆς5

231 894 350 982 άμοριῖς
375 890 488 982 προῄει
516 898 800 978 προπορευομένων
838 899 942 961 aoros
975 897 1030 958 καί
1061 891 1351 977 περικυκλοόντων

231 997 432 1081 στρατιωτῶν
448 995 679 1078 ἐγχεοιμάχων,
692 995 851 1068 ,διάλυσιν
872 993 1034 1077 ἐλάμβανε
1052 991 1092 1058 τά
1105 996 1160 1077 τῆς
1171 994 1349 1068 στάσεως·

86 1096 105 1150 l·
127 1101 175 1156 181
194 1099 289 1164 arei
310 1095 371 1179 γάρ
396 1089 496 1160 άλλου
518 1095 663 1178 πλήθους
684 1097 741 1177 τῆς
759 1095 882 1172 πόλεως
899 1095 945 1180 μὴ
976 1097 1255 1178 συναποστατῆσαι
1283 1100 1349 1158 θε-

230 1197 383 1282 λήσαντος
405 1198 460 1260 καί
479 1196 764 1280 συνδιαφθαρηναι
797 1198 837 1282 τῇ
866 1201 928 1261 τῶν
956 1191 1132 1277 ἐπιβοόλων
1161 1192 1346 1278 σκαιότητι,

231 1295 330 1384 φόβος
352 1300 502 1378 κατέσχεν
531 1294 658 1370 ου’τοός.
713 1300 768 1362 καί
796 1294 826 1361 οἱ
859 1301 921 1378 μέν
945 1293 1166 1381 έπισημότεροι
1194 1293 1253 1358 καί
1283 1296 1380 1374 τάςςρ

230 1393 430 1480 οόπλισμένας
452 1389 514 1482 ἤδη
529 1396 839 1481 παραγυμναόσαντες
861 1403 902 1488 api
917 1400 1046 1486 μεγάλην
1062 1392 1123 1460 καί
1142 1390 1345 1486 περιωνόμφ

230 1500 296 1585 ναρῖ
317 1501 374 1580 τῆς
393 1501 452 1562 rori
471 1501 554 1561 θεοῦ
576 1500 694 1583 σοφίας
708 1501 941 1582 προσέδραμον,
969 1495 1028 1581 τη“ν
1049 1498 1124 1580 περί
1135 1499 1247 1579 ψυχῆς
1274 1523 1343 1564 σω·
1405 1546 1406 1551 1

227 1601 338 1683 τηριάν
359 1600 424 1662 τεόν
443 1591 547 1661 άλλων
569 1594 726 1678 άπάντων,
745 1598 921 1683 χρημάτων
950 1601 985 1662 τέ
1005 1622 1112 1690 φαμεν
1135 1596 1189 1661 καί
1208 1595 1344 1682 κτημά-

228 1721 300 1778 των,
323 1696 622 1778 άνταλλαττόμενοι·
666 1697 695 1763 οἱ
718 1701 753 1762 δέ
776 1705 887 1764 λαβεῖν
908 1702 1068 1784 οἰηθέντες
1098 1701 1152 1762 ε’πί
1172 1697 1231 1772 τάς
1256 1693 1343 1761 {ato-

227 1801 291 1863 τιόε
311 1800 472 1873 κατοικίας
491 1799 547 1867 καί
564 1801 741 1874 συναυλίας
762 1795 870 1883 ἑτέρας
892 1797 1179 1882 διεσκεδάσθησαν.
1215 1792 1377 1879 έξῆλθείς

228 1899 264 1964 δὲ
286 1898 340 1963 καί
362 1885 456 1982 ὁτῆς
489 1897 609 1976 πόλεως
643 1897 782 1982 ἔπαρχος
804 1899 891 1981 μετά
926 1897 961 1964 τό
985 1899 1044 1983 τη“ν
1067 1897 1196 1982 πολλήν,
1217 1895 1254 1962 τό
1281 1899 1342 1960 τοῦ

227 1998 330 2083 λόγου,
351 2003 532 2085 τυφβεῖσαν
552 2001 732 2081 θάλασσαν,
753 2003 786 2064 τό
811 2010 1005 2086 φλεγμαῖνον
1035 2001 1090 2064 καί
1109 1995 1209 2072 ου’τός
1231 2021 1340 2062 κατα-

140 2169 143 2179 f
228 2101 382 2180 στέλλων,
405 2103 461 2164 καί
483 2105 635 2185 συνεμίγη
658 2104 702 2190 τῷ
731 2104 790 2165 rosi
819 2107 976 2184 βασιλέως
999 2101 1149 2182 όμαίμονι
1173 2095 1254 2162 κατά
1281 2097 1340 2178 τὴν
1405 2124 1406 2127 ’

230 2199 353 2283 α’γοράν
370 2188 585 2283 προοδεύοντα
607 2194 690 2284 ἦσαν
713 2204 776 2286 γάρ
798 2203 1030 2284 ἀναλαβόμενοι
1050 2201 1165 2274 πάντες
1186 2195 1339 2280 ἓαντοός,
1373 2249 1376 2253 .

139 2363 147 2383 ,
230 2303 285 2364 καί
304 2295 422 2390 τούτων
444 2306 690 2385 συγκροτοόντες
718 2303 756 2368 τά
779 2303 963 2389 νικητήρια,
992 2305 1048 2366 καί
1075 2308 1140 2377 τοϊς
1159 2303 1375 2383 βασιλεῦσιηρ

229 2398 263 2468 τό
285 2403 399 2491 κρότος
419 2400 672 2488 ἐπικρατοῦντες,
705 2409 761 2468 καί
786 2403 848 2470 σόν
875 2402 1052 2490 ου’φημίαις
1071 2405 1126 2468 καί
1144 2401 1338 2485 θυμιάμασι

229 2509 393 2581 πλείσταις
413 2504 472 2589 τὴν
492 2505 681 2591 προπομπὴν
712 2504 928 2590 ἐργαζόμενοι.

172 2689 174 2691 ¹
324 2606 377 2679 Ὡς
401 2607 444 2691 ,δὲ
475 2604 667 2684 κατάστασις
695 2604 771 2689 ἔσχε
799 2609 853 2672 καί
876 2609 1006 2692 νηνεμία
1024 2606 1121 2673 τὀυτί
1146 2603 1183 2671 τό
1206 2610 1334 2673 κλυδιά-
1405 2647 1406 2650 ¹

226 2709 317 2785 νιονζ
343 2708 399 2771 καί
423 2694 575 2789 παντελὴς
603 2708 803 2795 πληροφορία
837 2716 902 2785 τοῖς
931 2707 1006 2790 περί
1040 2705 1094 2772 τόν
1119 2710 1256 2790 βασιλέα
1279 2711 1335 2773 καί

229 3013 292 3075 pote
312 3004 357 3073 qui
376 3004 520 3059 studiosius
540 3021 572 3057 eo
591 3008 716 3061 ferretur.
755 3023 814 3058 cam
832 3017 920 3060 autem
941 3006 1035 3061 valere
1054 3008 1160 3060 iuberet
1184 3022 1231 3059 eos
1258 3015 1286 3057 et
1303 3009 1330 3059 in

228 3078 290 3129 loeo
310 3092 358 3129 suo
377 3078 476 3143 petitus
499 3088 633 3145 maneret,
661 3083 739 3133 etiam
759 3080 866 3148 longius
886 3080 949 3149 quid
967 3078 1057 3132 iacere
1084 3094 1131 3132 eos
1151 3093 1207 3130 non
1226 3078 1329 3144 puduit,

228 3150 307 3201 remis
326 3146 459 3216 infligere,
480 3151 550 3216 quod
570 3166 623 3204 non
643 3160 752 3219 propter
772 3152 881 3202 faustam
901 3152 1100 3219 navigationem
1119 3152 1224 3219 signum
1243 3150 1330 3201 lacic.

227 3221 300 3273 bant.
338 3228 445 3271 seruato
464 3222 545 3289 igitur
566 3238 631 3292 rege
650 3226 751 3275 intacto
770 3224 796 3272 iu
816 3225 900 3292 regia,
921 3238 979 3273 cam
1000 3224 1078 3274 etiam
1098 3224 1176 3275 baius
1190 3223 1329 3287 iraterper

229 3293 314 3345 forum
342 3292 548 3358 progrederetur
571 3295 758 3347 anteeantibus
791 3297 816 3345 ei
836 3302 863 3345 et
882 3294 1040 3360 stipantibus
1060 3312 1119 3346 eum
1137 3292 1266 3344 militibus
1285 3310 1328 3343 ar.

227 3364 314 3426 matis,
334 3362 531 3415 dissolvebatur
556 3366 661 3418 seditio.
701 3383 760 3417 cam
780 3368 851 3417 enim
869 3366 975 3434 reliqua
992 3365 1134 3417 multitado
1153 3364 1226 3416 urbis
1245 3364 1330 3416 nollet

229 3450 287 3488 eam
306 3434 340 3486 iis
359 3434 475 3486 delicere
489 3444 521 3491 ,et
539 3436 624 3488 deleri
649 3438 830 3490 insidiantium
855 3438 1024 3501 temeritate,
1053 3446 1138 3489 metas
1164 3451 1211 3488 eos
1235 3438 1326 3487 tenuit.

227 3516 307 3577 atque
336 3505 498 3574 illustriores
525 3508 630 3576 quidem
654 3510 700 3560 vel
730 3510 836 3560 ordines
861 3517 973 3561 armatos
991 3509 1211 3577 derelinquentes
1229 3509 1280 3558 iam
1298 3508 1328 3558 ad

228 3594 354 3647 magnum
381 3587 408 3628 et
432 3578 532 3645 claram
560 3581 708 3646 sapientiae
727 3581 770 3632 dei
789 3581 915 3647 templum
936 3588 1111 3632 accurrerunt
1128 3582 1201 3631 vitae
1219 3579 1327 3629 sulutem

229 3653 327 3701 ceteris
348 3648 468 3702 omnibus
489 3651 577 3714 rebus,
598 3654 720 3718 pecuniis
738 3653 844 3704 scilicet
856 3660 882 3703 et
897 3652 991 3717 bonu,
1011 3659 1159 3714 mutantes,
1178 3650 1225 3701 alii
1244 3660 1326 3701 autem

229 3722 314 3772 latere
346 3740 375 3775 se
403 3730 528 3790 putantes
554 3724 581 3773 in
607 3739 668 3776 suas
696 3724 787 3776 domos
814 3733 840 3776 et
864 3724 1020 3776 deversoria
1043 3723 1095 3774 alia
1122 3721 1234 3788 dispersi
1259 3730 1324 3772 sunt.

230 3808 354 3859 egressus
373 3802 460 3843 autam
484 3803 524 3846 est
543 3795 621 3844 etiam
640 3796 699 3847 urbi
719 3796 871 3863 praefectus
888 3804 949 3861 post
967 3795 1078 3845 multum
1103 3796 1184 3844 ictum
1206 3808 1276 3843 mure
1299 3801 1325 3842 ut
1383 3838 1387 3845 .

230 3871 271 3913 est
295 3864 322 3913 in
347 3864 491 3929 proverbio
522 3864 636 3933 flagrans
671 3876 697 3918 et
722 3869 780 3933 ipse
805 3867 999 3933 compositurus
1025 3872 1052 3916 et
1076 3866 1190 3916 accessit
1207 3864 1240 3914 ad
1257 3866 1323 3931 regis

229 3935 338 3985 fratrem
356 3937 383 3985 in
404 3934 462 3984 loro
481 3938 687 4000 procedentem:
706 3938 906 4008 recollegerunt
926 3940 994 3989 eninr
1013 3953 1043 3988 se
1062 3952 1171 3999 omues,
1191 3943 1218 3985 et
1237 3934 1323 3985 borum

190 4043 192 4057 .
231 4006 416 4069 comparabant
441 4008 571 4058 victoriae
590 4012 724 4075 praemia,
753 4020 780 4062 et
797 4012 906 4078 regibus
926 4010 1066 4061 victoriam
1085 4006 1277 4074 applaudebant
1299 4015 1323 4056 et

231 4072 353 4132 laudibus
373 4085 400 4128 et
418 4075 597 4130 thura-muno
628 4096 748 4149 pompam
775 4084 916 4133 faciebant.

233 4159 234 4165 ’
349 4146 490 4219 Postquam
517 4158 604 4201 autem
638 4154 795 4221 compositio
820 4155 905 4205 tenuit
933 4162 959 4205 et
985 4160 1124 4204 ventorum
1155 4148 1324 4219 tranquillitas
