2834 4750
442 239 447 246 ’
543 249 752 326 nunsula
1128 247 1200 341 τοι

62 420 186 481 iaxta
210 411 294 496 παρά
317 413 379 478 τεόν
400 414 576 494 προσοίκων
598 414 661 480 τοῖν
677 409 778 476 ἐκεῖσε
800 415 915 494 κωμάν
937 437 970 479 τε
992 419 1048 483 καί
1068 413 1198 480 πόλεσιν.

65 516 239 601 στινῆσαν
263 514 298 576 δὲ
319 509 497 599 τούτῳκαὶ
519 515 666 595 πρέσβεις
695 510 783 595 παρά
805 517 865 603 sori
885 519 1059 582 σουλιάνοο
1083 539 1200 602 προοε-
1210 529 1230 583 f.
1241 528 1292 584 201
1302 541 1332 583 r.

67 615 329 700 φοδιοισδόντες
353 614 465 699 crispis
1290 598 1295 622 ⁸

201 726 323 813 Ταότης
346 722 404 792 σόν
426 733 481 815 τῆς
504 729 612 816 φήμης
628 716 778 814 ον’τήκοοῖ
800 728 855 794 καί
875 731 967 814 ἡμεῖς
986 731 1145 816 γεγονότες
1167 738 1202 801 ἐν

33 830 53 886 5
73 830 321 914 Τραπεζοῦντι
336 832 451 913 (ἐκεῖσε
465 827 527 913 γάρ
539 834 794 914 κατηνέχθημεν,
809 830 991 896 διαπόντιον
1002 831 1059 916 τὴν
1071 839 1203 916 πορείαν

68 931 228 1016 ποιῆσαι
251 929 458 1014 σκεψάμενοι)
483 929 650 1013 α’μὴχανον
681 927 749 1012 όμα
768 930 832 1018 ,καί
853 925 985 997 ἄπιστον
1010 930 1046 995 τό
1071 935 1203 1017 πρᾶγμα

67 1031 272 1115 ἡγούμεθα,
286 1030 340 1096 καί
349 1031 403 1095 διά
417 1034 509 1096 τοῦτο
522 1029 578 1116 τήν
596 1029 649 1098 διά
666 1031 833 1117 θαλάσσης
847 1030 924 1098 όδδν
935 1033 1069 1117 ἠνύομεν
1083 1035 1204 1116 άμττα·
1268 1030 1275 1050 ’

71 1132 238 1214 στρεπτί,
254 1131 406 1215 πλοιάρια
422 1134 482 1196 τῶν
496 1133 660 1214 ἐγχωρίων
671 1130 764 1196 ἱκανά
784 1132 1036 1214 μισθωσάμενοι.
1059 1139 1204 1220 συνῆσαν

70 1231 151 1314 γάρ·
186 1233 243 1294 καί
275 1234 331 1314 τῆς
359 1234 526 1314 βασιλικῆς
557 1231 657 1317 αόλῆς
691 1225 804 1319 ἄνδρες
835 1236 870 1298 ἐκ
898 1236 962 1298 τόν
993 1233 1127 1319 προόιων
1148 1240 1204 1318 τῆς

23 1352 63 1404 10
74 1329 276 1413 συγκλήτου
303 1334 441 1413 βουλῆς,
463 1331 652 1416 παραδόξως
675 1330 732 1398 τόν
763 1336 909 1398 κίνδυνον
931 1324 1204 1421 σονδιαφνγόντες

76 1431 182 1513 ἡμῖν.
238 1433 340 1513 ἕτεροι
370 1431 406 1496 δὲ
433 1429 650 1517 κατεκόπησαν
687 1435 721 1496 ἐν
758 1434 843 1520 crispi
864 1438 907 1520 τῷ
939 1438 1065 1522 πολέμῳ
1086 1436 1143 1499 καί
1161 1436 1204 1519 τῷ

78 1535 244 1621 δρασμῷ,
260 1533 335 1612 μεθ’
358 1521 402 1596 ὧν
424 1537 586 1598 καίΛέων
610 1536 726 1608 ἐκεῖνος
750 1532 767 1596 ό
789 1533 843 1598 ε’πί
863 1538 926 1598 τεόν
950 1532 1101 1617 δεήσεων,
1122 1531 1203 1619 α’νῆρ
1259 1603 1269 1612 ,

78 1629 174 1719 λόγῳ
202 1636 257 1696 καί
276 1620 390 1717 γνοόσει
413 1634 679 1720 διαφανέστατος,
701 1637 756 1700 καί
775 1633 790 1699 ό
812 1632 986 1719 μάγιστρος
999 1631 1203 1717 Εὐστράτιος,

81 1735 147 1798 κατ’
173 1735 297 1815 πρῶτος
324 1735 494 1818 αόιγκρῆτις
516 1733 800 1821 όΧοιροσφάκτης.
842 1731 926 1800 ἑάλω
948 1733 1057 1800 δὲκαὶ
1077 1733 1093 1800 ὃ
1114 1761 1205 1820 πριο-

32 1846 71 1899 15
82 1827 269 1918 τοσβέστνγς
291 1838 461 1910 Βασίλειος
484 1831 500 1900 δ
520 1840 686 1920 Μολέσης,
711 1835 750 1901 τό
784 1839 896 1920 πρῶτα
916 1841 1024 1922 φέρων
1045 1839 1087 1921 τῷ
1106 1841 1203 1918 βασι-

83 1940 154 2015 λεῖ,
178 1931 291 1998 τὸτοῦ
314 1939 487 2018 λογοδὲτοο
509 1940 579 2002 τῶν
612 1930 739 2002 όδάτων
767 1936 919 2024 όφφίκιον
940 1939 1201 2020 περιεζωσμένος,

84 2034 181 2123 λόγῳ
205 2033 260 2099 καί
278 2033 377 2110 αδτδς
390 2039 445 2101 καί
466 2041 559 2127 πείρᾳ
577 2039 701 2104 πολλάν
720 2039 957 2122 όπερκειμενος.

200 2156 313 2234 Μέχρι
342 2158 402 2234 μδν
434 2147 492 2218 σόν
525 2153 645 2220 τούτων
670 2150 853 2239 άσιίγχοτος
880 2152 955 2238 ἡμῖν
987 2150 1004 2218 ό
1031 2154 1123 2238 λόγος
1150 2158 1208 2222 καί

89 2248 166 2320 οἷον
189 2251 440 2338 άπερικτόπητσς
471 2254 526 2335 καί
546 2251 748 2341 δμαλιότερον
764 2260 904 2336 βαίνων,
922 2251 981 2320 κάν
1002 2257 1033 2319 εἰ
1047 2259 1103 2320 καί
1122 2279 1204 2340 προ-

38 2355 226 2431 enodatae
248 2350 315 2437 εἶχε
337 2357 392 2420 καί
420 2353 547 2439 οἰκτράς
575 2355 632 2433 τάς
655 2354 863 2442 ἐπεξηγὴσεις.
913 2354 949 2421 τό
978 2358 1007 2420 δ’
1029 2354 1090 2421 α’πδ
1111 2358 1205 2423 rorida

89 2463 142 2532 τίς
172 2451 213 2521 dv
231 2458 312 2520 κατά
341 2458 438 2539 μέρος
470 2456 505 2520 τό
527 2460 663 2555 Ιπλῆθος
689 2461 754 2523 τῶν
780 2458 1027 2540 έπισομβάντων
1053 2461 1205 2541 χαλεπῶν

37 2642 41 2649 .
91 2556 299 2643 διηγάσαιτο;
327 2556 365 2619 οδ
398 2558 575 2641 πρόσαντες
599 2556 731 2641 ἡμῖντὸ
758 2562 962 2643 προκείμενον
981 2558 1093 2644 μόνον,
1121 2554 1203 2623 cilici

174 2735 216 2787 16.
235 2736 461 2810 περιεζωσμένοι
474 2735 503 2791 (λ.

95 2900 175 2969 liqua
193 2908 282 2952 autem
304 2899 445 2953 multitudo
474 2900 590 2953 collecta
610 2910 650 2953 est
669 2916 684 2952 a
702 2902 799 2954 vicinis
829 2901 939 2954 illorum
957 2916 1086 2972 pagorum
1105 2909 1132 2954 ot
1153 2917 1202 2954 ur.

93 2972 189 3025 bium:
209 2972 318 3024 aderant
336 2972 399 3023 huic
419 2973 497 3024 etiam
516 2973 609 3042 legati,
631 2989 647 3024 a
665 2974 771 3027 sultano
792 2974 817 3022 ei
837 2974 928 3025 additi.

203 3066 287 3131 Quam
313 3069 417 3134 quidem
442 3070 536 3121 lamam
555 3085 615 3121 cum
641 3070 719 3120 etiam
746 3082 796 3119 nos
815 3069 980 3135 Trapezunte
999 3068 1203 3133 audivissemus,

96 3137 183 3209 (illuc
203 3140 273 3190 euim
285 3138 367 3191 delati
386 3156 498 3205 eramus,
520 3149 590 3192 trans
601 3156 679 3193 mare
698 3139 833 3207 proficisci
853 3140 956 3207 conati)
977 3140 1035 3191 lieri
1049 3153 1103 3195 uon
1122 3154 1203 3206 posse

96 3206 179 3265 simui
200 3218 227 3262 et
245 3210 295 3263 lide
322 3226 414 3263 carere
434 3228 490 3263 rem
510 3212 679 3279 putabamus,
711 3218 790 3279 atque
809 3219 952 3279 propterea
976 3210 1027 3260 iter
1045 3210 1203 3262 maritimum

97 3280 303 3349 perficiebumus
322 3284 380 3335 siue
400 3285 561 3348 mutatione,
582 3298 640 3334 cum
659 3297 742 3335 navcs
761 3282 908 3333 incolarum
928 3281 1037 3333 idoneas
1057 3280 1203 3333 conduxis-

98 3370 198 3407 scmus.
244 3354 353 3407 aderant
384 3358 453 3407 enim
482 3357 560 3407 otiam
587 3371 620 3405 ex
640 3353 700 3406 aula
726 3354 802 3421 regia
822 3354 875 3405 viri
894 3352 1012 3419 primarii
1032 3351 1139 3402 consilii
1158 3351 1204 3418 qui

98 3433 210 3495 praeter
233 3441 306 3493 spem
325 3425 463 3479 nobiscum
483 3426 641 3494 'periculum
662 3426 819 3493 effugerunt.
866 3423 912 3475 alii
933 3431 1020 3474 autem
1039 3422 1123 3474 occisi
1143 3429 1205 3475 sunt

100 3498 129 3548 iu
150 3497 209 3567 ipso
228 3496 301 3548 bello
323 3506 349 3548 et
368 3497 440 3565 luga,
461 3500 530 3550 inter
548 3513 615 3567 quos
636 3499 714 3549 etiam
734 3495 789 3547 Leo
805 3495 863 3559 ille,
882 3496 927 3562 qui
947 3509 962 3545 a
980 3492 1147 3562 supplicibus
1166 3492 1204 3543 li.

100 3565 184 3619 bellis
205 3575 278 3633 erut,
299 3569 340 3620 vir
366 3570 487 3619 oratione
508 3578 534 3619 et
552 3570 692 3637 prudentia
718 3566 928 3621 illustrissimus:
958 3574 985 3616 et
1002 3564 1129 3632 magister
1146 3562 1204 3620 Eu-

7 3671 9 3680 ·
102 3640 220 3703 stratius,
241 3646 268 3690 et
285 3640 384 3705 primus
404 3655 418 3690 u
438 3643 565 3705 secretis,
590 3639 836 3705 Choerosphaetes:
865 3645 956 3703 captus
983 3642 1023 3687 est
1048 3636 1126 3687 etium
1145 3635 1203 3701 pri-

101 3727 160 3761 mus
186 3711 328 3763 vestiarius
354 3710 469 3763 Basilius
494 3712 625 3774 lilalesas,
653 3711 830 3777 principatum
854 3709 954 3761 habens
981 3706 1049 3772 apu'd
1067 3721 1159 3789 regem
1178 3712 1205 3757 et

102 3783 235 3835 rationum
259 3798 385 3849 aquarum
412 3782 584 3847 descriptoris
612 3782 703 3835 cilicio
731 3781 882 3848 praeditus,
913 3778 1035 3832 oratione
1054 3785 1159 3846 etipse
1178 3785 1205 3831 et

105 3854 276 3923 experientia
293 3852 383 3905 multis
402 3854 536 3920 superior.

204 3950 338 4002 lluctenus
365 3950 446 4017 igitur
473 3951 617 4015 composita
645 3949 723 4001 uobis
749 3956 806 4002 erat
832 3948 917 3999 oratio
944 3962 1032 4015 neque
1057 3946 1132 4014 quasi
1147 3947 1203 3996 eir.

1 4059 5 4067 1
104 4022 243 4085 cumfuse,
273 4030 300 4073 et
318 4022 457 4089 aequalius
476 4021 652 4087 procedebat,
675 4021 777 4071 etiamsi
802 4020 928 4072 adversas
947 4017 1088 4070 exhiberet
1106 4024 1134 4068 et
1150 4017 1203 4067 ini.

105 4110 178 4147 seras
199 4095 391 4159 expositiones.
429 4094 491 4145 inde
516 4101 603 4143 autem
623 4092 682 4161 quis
702 4107 735 4142 ex
754 4092 847 4142 ordine
873 4090 1068 4142 multitudinem
1085 4086 1204 4140 dililcul-

107 4173 198 4230 tatum,
218 4178 287 4231 quae
300 4173 481 4229 accesserunt,
502 4180 624 4217 enarrare
641 4161 747 4230 possit?
765 4178 853 4232 neque
873 4163 942 4215 enim
960 4162 1099 4216 adversum
1118 4158 1203 4215 solum
