2834 4750
248 275 303 350 ss
531 246 756 346 mondum
778 235 1044 342 'immonsa

247 441 375 516 σδίντες
396 444 463 514 τοῖς
483 445 683 522 σπαραγμοῖς
696 439 761 502 τιδν
781 435 894 520 τειχῶν
910 436 956 510 τίς
975 429 1083 518 poris
1101 423 1287 512 δ’ρςιρσαν.“
1300 423 1359 492 καί

246 542 373 624 γνόντες
392 537 448 624 τήν
479 538 601 604 τούτων
634 541 823 621 προαίρεσιν
843 535 874 600 οἱ
897 537 1041 614 πολέμιοι
1071 529 1169 613 δμδοε
1187 537 1264 606 ταῖς
1289 525 1360 591 πί-

246 647 318 718 λαις
335 640 398 707 σδν
420 635 596 724 ἀλαλαγμοῦ
618 620 726 727 πολλῷ
746 639 887 724 καί-βοῇ
907 632 1126 720 aimiricum,
1146 633 1205 695 καί
1226 627 1358 703 ταδνας

245 743 301 809 καί
328 743 412 826 με’ρη
444 746 503 805 τοῦ
533 745 660 822 τείχους
679 741 880 812 ίπιδετικοίς
898 737 1171 819 καταστρέψαντος
1198 727 1360 815 αἱροῦσιν

246 840 308 908 dai
333 842 449 927 κρίτος
462 839 519 925 τὴν
539 841 651 922 πόλιν,
672 842 727 904 καί
744 843 865 922 γίνεται
887 831 986 924 φόνος
1010 837 1075 903 ταῖν
1102 828 1384 922 indagini-‘ind

243 967 307 1022 τος.
350 936 423 1008 niro
441 939 502 1026 γὰρ
524 941 649 1025 ἡλικίας
678 933 752 1006 οὔτε
774 937 904 1026 φδσεως
929 931 1001 1003 οὔδ’
1020 933 1173 1020 aiginane
1192 931 1286 1008 ἕλεος
1303 923 1357 1017 ἦν,

245 1041 327 1111 ἑλλοὶ
356 1044 472 1118 πάντες
505 1041 622 1126 ἡβηδὸν
651 1041 844 1132 ἀνῃροῦντο,
875 1043 931 1104 καί
962 1035 1107 1118 ποταμδς
1135 1037 1273 1116 αἳματος
1293 1030 1358 1118 τὴν

164 1205 166 1208 .
191 1196 196 1203 .
245 1141 375 1230 sinapis
395 1140 512 1226 ταύτην
544 1143 600 1207 καί
629 1139 781 1227 δύστηνον
807 1142 983 1206 κατεδίαινε
1014 1137 1115 1202 πόλιν.
1165 1130 1357 1218 περιεσοδδρ

165 1227 169 1236 ’
245 1249 283 1312 dt
302 1245 362 1310 soii
384 1246 554 1328 spatiosos
579 1241 698 1327 ταύτης
713 1236 996 1329 πολλοστημόριον,
1017 1235 1080 1304 niv
1100 1243 1165 1312 τοῖς
1184 1237 1355 1309 κακίστοις

244 1341 397 1434 ἡγεμόσιν
418 1347 464 1422 εἰς
484 1340 544 1428 τήν
566 1334 742 1428 δκρδπολιν
763 1341 863 1408 α’νιδν.
906 1342 970 1405 τῶν
991 1341 1020 1404 δ’
1041 1341 1075 1404 ἐν
1096 1335 1193 1421 χερσί
1212 1339 1396 1420 ymno-so

244 1473 309 1516 νοιν
331 1439 400 1514 iam
422 1445 503 1515 κοιά
523 1468 594 1510 τινα
614 1447 835 1530 χρηστοτέραν
858 1440 1052 1527 σογκδρησιν
1080 1439 1136 1504 τὸν
1158 1439 1195 1502 is
1214 1441 1278 1504 aori
1298 1461 1355 1503 σι-

244 1545 345 1635 δήρου
377 1549 529 1634 διέφυγον
558 1536 715 1628 ὄλεθρον,
747 1545 953 1630 αι’χμαλοοσιρι
983 1543 1080 1628 auspi
1108 1537 1354 1624 παρεδόθησαν.

245 1646 327 1716 δλλδ
353 1647 408 1714 καί
428 1644 459 1713 oi
478 1649 534 1730 τῆς
562 1643 764 1730 ἀκροπόλεως
778 1649 872 1730 ,μοι’
905 1642 1107 1725 ἐπισιτισμὸν
1132 1638 1278 1726 ἔχοντες,
1298 1642 1355 1704 καί

244 1745 420 1837 νῇσπδνιι
452 1749 516 1814 τῶν
545 1732 725 1830 ἀναγκαίων
761 1745 970 1828 τρνχδμενοι,
1004 1743 1186 1828 ὁμολογίαις
1214 1736 1355 1825 ὕστερον

101 1927 105 1936 .
211 1929 213 1934 ¹
243 1847 452 1926 ὑποσπόνδοις
473 1851 529 1914 καί
539 1845 637 1932 μόνης
651 1849 708 1931 τῆς
729 1849 812 1930 ζωῆς
832 1844 984 1928 ἐχούσαις
1003 1845 1060 1930 τὴν
1081 1841 1190 1930 ἔφεσιν
1209 1847 1269 1908 κατ’
1289 1846 1390 1908 nri-¹5

243 1954 294 2018 τοί
312 1951 561 2034 παραδεδώκασι
582 1947 618 2013 τὸ
633 1947 862 2034 κρησφύγετον,
884 1948 939 2010 καί
957 1947 1082 2029 γέγονεν
1100 1940 1163 2008 δπδ
1182 1947 1354 2024 πολεμίως

243 2048 488 2135 τοιαδτηπόλις
505 2049 585 2132 μετὰ
607 2050 669 2114 τοῖν
687 2049 862 2130 πολιχνίων
881 2049 936 2112 καί
957 2048 1023 2110 τῶν
1044 2045 1215 2130 ὑπαίθριον
1236 2041 1353 2110 αὐτῶν

243 2154 286 2217 δι’
308 2152 482 2235 ἀπληστίαν
509 2153 564 2215 καί
589 2146 765 2234 χρημάτων
796 2141 930 2234 ἄκαιρον
957 2147 1123 2234 φυλακήν,
1152 2143 1197 2229 μὴ
1223 2145 1353 2221 εἰδότος

242 2254 300 2319 τοῦ
319 2249 542 2335 βασιλεύοντος
565 2244 614 2315 ὅτι
636 2245 787 2326 πολλάκις
809 2251 869 2330 μὲν
889 2241 992 2332 ὤνησε
1011 2246 1067 2312 καί
1086 2245 1255 2333 διαφόρως
1273 2238 1353 2333 οἶφ-

200 2436 202 2441 '
241 2357 334 2431 δυνος
363 2358 446 2439 χείρ,
474 2355 515 2420 ἐν
538 2353 574 2418 δὲ
602 2359 668 2427 τοῖς
704 2349 885 2434 α’ναγκαίοις
909 2348 963 2433 διδ
993 2349 1120 2431 παντός,
1138 2345 1292 2432 δλιγσὶκις
1314 2352 1387 2416 diti

242 2452 301 2521 κδν
318 2456 365 2541 μὴ
393 2464 458 2529 τοῖς
477 2454 661 2537 ἀναγκαίοις
681 2454 888 2534 κατέβλαψε,
926 2455 982 2517 καί
1012 2450 1057 2527 οἱς
1089 2450 1170 2515 αδτδ
1190 2446 1226 2515 νδ
1243 2441 1352 2532 ὄνομα

226 2557 306 2623 *coir
324 2554 498 2641 χρημάτων
513 2554 631 2637 χρῆσιν
660 2544 729 2635 ἅμα
753 2553 1016 2639 παραπεμφαίνει
1036 2553 1092 2618 κατ’
1110 2549 1349 2638 χρησιμδτητσ.

345 2657 416 2721 Καί
442 2652 482 2721 ri
502 2655 564 2738 ptis
586 2650 668 2721 κατὰ
693 2650 755 2739 τὴν
773 2654 884 2721 Ἀσίαν
917 2655 1031 2722 rodim
1059 2646 1128 2739 εἶχε
1148 2650 1204 2719 τδν
1225 2651 1351 2737 τρίπον

161 2808 164 2812 ’
270 2884 273 2889 .
293 2802 460 2899 ‘offusum
478 2840 509 2896 ο.
631 2840 676 2895 νο.
696 2841 859 2915 ονοματος
876 2841 907 2897 o.

243 3012 322 3072 situm
339 3010 442 3082 hostes,
460 3023 535 3069 recta
553 3030 602 3085 per
619 3024 711 3084 portas
729 3015 813 3069 multo
838 3032 899 3069 cum
916 3015 1034 3070 clamore
1059 3023 1087 3069 et
1102 3015 1217 3069 tumultu
1234 3018 1347 3087 irrupe-

242 3095 304 3141 runt
322 3095 350 3141 et
366 3087 435 3141 bano
456 3095 483 3141 et
499 3096 589 3156 partes
606 3090 674 3141 muri
686 3096 808 3157 prompta
828 3089 984 3141 incursione
999 3090 1166 3142 destruentes
1188 3092 1300 3157 capiunt
1317 3092 1346 3142 vi

242 3161 334 3215 urbem
354 3168 380 3213 et
399 3162 483 3212 oritur
502 3161 597 3213 caedes
623 3176 730 3225 eorum,
756 3161 802 3229 qui
820 3161 891 3212 intus
919 3168 1003 3226 erant,
1029 3162 1143 3228 ingens:
1162 3175 1253 3227 neque
1274 3163 1345 3213 enim

243 3234 337 3284 aetatis
355 3246 444 3300 neque
456 3239 665 3300 naturacneque
675 3230 883 3283 benevolentiae
894 3233 1078 3285 misericordia
1098 3240 1163 3297 erat,
1182 3232 1344 3285 scd'omnes

242 3304 367 3372 vigentes
385 3303 613 3355 interficiebantur
633 3310 659 3354 et
677 3302 774 3354 flumen
793 3304 929 3371 sanguinis
940 3304 1115 3355 miserandam
1134 3302 1202 3355 hanc
1223 3312 1251 3354 et
1269 3304 1343 3356 inie-

243 3375 323 3427 licem
355 3376 481 3442 irrigavit
503 3374 603 3427 urbem.
653 3374 759 3442 aufugit
781 3383 869 3427 autem
901 3374 1103 3428 fortissimorum
1128 3374 1207 3427 buius
1233 3376 1344 3427 minima

106 3512 113 3525 ι
191 3486 195 3492 .
242 3460 303 3515 pars
317 3462 376 3497 cum
394 3446 516 3513 pessimis
535 3444 646 3498 ducibus
671 3448 699 3497 in
725 3461 813 3497 arcem
831 3447 996 3498 ascendens:
1024 3454 1160 3513 captorum
1179 3449 1343 3515 autem,‘qni

190 3570 192 3585 ,
242 3518 367 3580 feliciore
386 3533 449 3571 casu
470 3516 534 3569 ferri
552 3524 664 3569 mortem
684 3516 841 3585 effugerent,
861 3518 1011 3584 captivitati
1029 3517 1143 3569 acerbae
1160 3518 1250 3569 traditi
1270 3526 1341 3583 sunt

241 3590 289 3643 sed
307 3591 386 3641 etiam
405 3588 450 3659 qui
468 3590 496 3639 in
515 3602 578 3639 arce
598 3596 681 3652 erant,
699 3602 789 3655 neque
802 3598 976 3641 commeatum
992 3589 1123 3641 babentes
1136 3597 1163 3641 et
1180 3590 1272 3655 inopia
1290 3604 1341 3640 nc.

242 3662 418 3713 cessariorum
447 3659 564 3714 coniecti
587 3658 756 3726 pactionibus
783 3667 876 3726 postea
904 3676 952 3727 per
973 3660 1095 3713 inducias
1114 3660 1192 3712 iactis
1211 3667 1239 3711 et
1256 3660 1342 3711 solius

241 3732 315 3784 vitae
333 3731 491 3785 habentibus
518 3732 720 3783 concessionem
745 3738 772 3781 et
795 3731 848 3797 ipsi
871 3732 1036 3785 tradiderunt
1059 3731 1215 3809 coniugium
1243 3737 1271 3783 et
1290 3731 1343 3782 init

242 3799 291 3853 sub
309 3801 430 3855 hostibus
448 3804 516 3856 haec
534 3802 597 3854 urbs
617 3818 675 3854 cum
695 3801 799 3870 oppidis
819 3810 846 3853 et
863 3804 962 3870 campis
987 3803 1052 3870 ipsis
1071 3811 1181 3871 propter
1198 3802 1341 3854 insatiabi-

241 3869 343 3923 litatem
363 3880 389 3923 et
406 3875 560 3927 divitiarum
577 3875 790 3941 intempestivam
810 3876 971 3939 custodiam,
989 3876 1129 3927 nesciente
1147 3889 1223 3943 rege,
1242 3889 1341 3940 saepe.

242 3956 352 3995 numero
371 3944 505 4011 profuisse
524 3953 552 3997 et
568 3947 729 4013 tempestive
755 3945 899 4014 benignam
924 3962 1043 4011 manum,
1062 3948 1090 3998 in
1108 3946 1272 3998 necessitate
1290 3960 1341 3996 an-

241 4019 296 4065 tem
314 4016 432 4079 omnino,
451 4030 510 4067 raro
530 4024 618 4069 autem
637 4018 717 4070 etiam
735 4017 758 4071 si
771 4032 838 4070 non
863 4033 929 4085 opus
948 4025 1020 4070 esset
1036 4018 1178 4082 nocuisse,
1198 4025 1226 4068 et
1242 4031 1342 4068 nomen

243 4084 329 4154 ipsum
347 4101 436 4139 rerum
454 4086 559 4139 utilium
578 4088 766 4159 (divitiarum)
780 4106 857 4144 usum
875 4090 954 4143 simul
972 4090 1124 4158 significare
1144 4097 1170 4140 et
1188 4088 1340 4141 utilitatem.

339 4176 430 4250 Atque
447 4174 636 4229 resAsiaticao
653 4178 707 4229 hoc
724 4180 803 4232 modo
822 4193 852 4231 se
870 4177 1003 4231 habebant
1021 4186 1049 4230 et
1065 4178 1099 4231 nd
1115 4185 1214 4231 tautam
1232 4178 1343 4232 destun.
