2834 4750
233 255 270 306 Vt
436 240 674 338 WLthMlRl
705 243 883 318 BRUNETl
912 245 967 306 DE
995 239 1144 308 rursm

333 404 495 506 ‘loropr'o
528 411 727 478 ἐκποθεῖσα
762 409 864 503 παρὰ
889 411 1050 507 Μιχαὴλ
1085 407 1340 506 αἱδεοιμωτοί-

137 599 148 614 ,
235 559 304 602 του
335 540 462 631 κριτοῦ
484 533 544 602 ἐπὶ
569 539 639 602 τοῦ
674 529 907 630 ἱπποδρόμου
939 535 1002 604 καὶ
1028 542 1098 606 τοῦ
1123 537 1237 633 βήλου
1268 547 1340 609 τοῦ

236 658 519 728 Ἀτταλειάτου.
579 660 740 730 Praefixa
767 675 821 732 est
851 662 1003 758 epistola
1030 662 1255 736 dedicatoria
1291 665 1339 736 ad
1410 732 1411 739 ,

235 786 495 882 imperatorem
522 786 769 882 Nicephorum
792 787 1030 858 Botaniatem.
1083 791 1154 862 Res
1180 815 1337 886 quarum
1410 778 1411 785 ἵ

238 912 316 1007 ipsc
337 913 437 982 testis
462 913 590 1004 extitit,
615 891 908 1008 breri'quodam
936 914 1112 984 orationis
1135 939 1269 1011 genere
1296 942 1340 988 ao
1367 887 1371 906 ¹

236 1036 392 1133 simplici
417 1060 561 1107 narrare
579 1061 617 1106 se
643 1036 837 1132 profitetur
850 1039 874 1124 ¹)
901 1036 982 1136 περὶ
1007 1031 1054 1108 ὡν
1079 1038 1144 1107 οὐκ
1169 1066 1261 1136 ακοη
1274 1068 1339 1110 και
1410 1040 1411 1057 ¹

181 1178 185 1188 ·
236 1160 405 1249 μύθοις
389 1159 520 1254 ετέρων
546 1159 759 1257 παρέλαβον
785 1155 913 1229 αλλ’
887 1188 933 1232 ων
959 1162 1148 1244 αὐτόπτης
1171 1190 1233 1232 και
1220 1163 1338 1233 Sco
1410 1212 1411 1239 1

214 1285 300 1370 1τὴς
328 1284 577 1382 ἐχρημάτιοα
632 1279 826 1356 Exciditur
848 1311 868 1356 a
894 1287 1068 1358 lllichaele
1091 1261 1338 1386 Paphlagone,
1410 1266 1411 1351 J

241 1411 306 1507 qui
333 1433 430 1479 anno
459 1407 590 1480 Christi
621 1412 718 1482 roal
751 1412 951 1506 imperator
981 1411 1094 1481 lactus
1120 1425 1184 1482 est.
1244 1412 1335 1484 inde
1410 1492 1411 1521 p

231 1535 406 1630 quinque
432 1535 663 1629 sequentium
677 1540 923 1631 Augustorum
947 1514 1222 1617 vitasshreviter
1246 1561 1334 1632 per·
1410 1530 1411 1607 ζ

231 1659 421 1753 'sequitur-3
456 1683 537 1728 crim
567 1673 687 1730 autem
724 1659 771 1730 ad
802 1660 954 1732 Romani
985 1662 1155 1757 Diogenis
1193 1677 1229 1733 et
1263 1665 1338 1737 Mi-

237 1783 371 1857 chaelis
389 1784 512 1863 Duoae
534 1797 703 1880 tempora
727 1787 906 1881 pervenit,
932 1809 1093 1882 quorum
1121 1788 1187 1857 sub
1217 1789 1336 1885 impe-

239 1909 294 1979 rio
319 1909 425 1998 variis
451 1908 593 1979 functus
621 1923 673 1980 est
699 1911 1060 2005 magistratibrrs7iam
1088 1913 1190 1985 aulae
1217 1928 1337 1985 muta-

236 2034 327 2102 biles
352 2046 478 2124 status‚
492 2031 713 2129 bellicasque
736 2035 987 2129 expeditiones
1010 2038 1145 2131 quibus
1163 2037 1338 2131 interfuit,
1410 2042 1411 2055 ¹

1409 1616 1412 1715 l

1410 1760 1412 1841 l

238 2158 349 2229 fusius
376 2183 521 2230 narrare
547 2159 679 2256 coepit.
733 2159 941 2255 Nicephoro
965 2159 1127 2257 denique
1147 2163 1337 2235 Botaniate
1410 2212 1411 2217 κ

238 2283 363 2354 omnia
388 2309 482 2381 quae
508 2308 574 2380 per
588 2285 780 2355 biennium
803 2299 902 2381 gesta
925 2299 1010 2356 scrut
1030 2287 1183 2357 summis
1206 2291 1337 2357 cumu—

235 2410 285 2480 lat
309 2409 497 2493 laudibus,
525 2422 664 2479 caetera
692 2408 867 2506 deinceps
893 2435 930 2480 se
958 2414 1153 2483 relaturum
1181 2414 1338 2509 promit·
1410 2485 1411 2522 p

235 2542 370 2617 tenso.
398 2534 605 2605 Bolaniates
631 2559 718 2605 vero
746 2548 830 2630 post
855 2537 997 2632 aliquot
1023 2562 1166 2607 menses
1184 2539 1229 2608 ab
1253 2537 1348 2638 Ale-³

236 2657 515 2751 xioComneno
543 2659 678 2755 palatio
706 2661 874 2755 expulsus
910 2661 947 2730 in
982 2663 1242 2732 monasterium
1279 2687 1338 2734 se·
1410 2751 1411 2760 ἵ

239 2784 360 2855 cessit:
384 2783 483 2854 uude
512 2785 695 2855 coniicere
729 2785 845 2880 possis
881 2783 918 2854 in
948 2798 1023 2855 tam
1058 2788 1177 2856 subita
1214 2811 1337 2859 rerum

231 2910 443 3003 ¹mutatione
473 2923 658 3003 nostrum,
695 2910 723 2979 si
751 2909 865 2980 modo
888 2912 1033 3006 patroni
1060 2912 1186 2982 ruinae
1208 2937 1337 3009 super-

236 3035 307 3105 suit
332 3034 457 3121 cliens,
485 3060 531 3104 ne
557 3035 690 3130 prioris
704 3034 849 3105 domini
865 3015 1150 3107 laudes'crimini
1172 3039 1241 3109 sibi
1256 3064 1337 3109 rer·

235 3173 414 3254 ceremur,
444 3159 534 3229 nihil
562 3161 674 3255 magis
702 3174 844 3255 optasse
862 3186 973 3256 qnam
1001 3175 1041 3232 ut
1056 3164 1094 3266 in
1110 3164 1336 3233 oblivionem

238 3285 389 3356 reniret.
445 3282 557 3373 Quod
584 3284 616 3355 ei
644 3284 706 3355 diu
744 3299 780 3354 et
805 3284 925 3356 forsan
959 3288 1050 3357 ultra
1083 3311 1184 3383 spem
1217 3290 1339 3359 conti·

236 3410 328 3509 gisse
350 3409 501 3481 ridetur.
528 3410 667 3482 Nullam
695 3410 794 3505 enim
824 3411 900 3481 eius
926 3410 1024 3507 apud
1051 3416 1245 3508 scriptores
1272 3417 1338 3510 qui

239 3532 368 3607 eadem
397 3547 513 3605 aetate
540 3536 755 3628 floruerunt,
775 3536 1001 3605 mentionem
1025 3527 1184 3607 invenio.
1238 3534 1339 3609 Con-

238 3672 335 3738 stant
359 3675 483 3731 tamen
510 3661 569 3731 illa
596 3659 641 3733 de
670 3661 784 3731 nostri
811 3660 913 3732 libris
939 3686 981 3732 ac
1003 3664 1093 3755 vita,
1125 3661 1259 3759 partim
1295 3690 1339 3737 ex

241 3784 317 3854 eius
344 3781 451 3853 dese
478 3786 557 3878 ipso
584 3785 813 3856 testimoniis.
878 3779 1131 3856 ruit'ttichael
1154 3788 1339 3860 Attaliates

238 3960 513 3973 —W-q—

342 4044 370 4111 1)
392 4041 440 4092 lol.
464 4041 514 4093 168
531 4051 615 4093 recto.

339 4140 370 4207 2)
391 4137 438 4190 lol.
458 4138 510 4193 239
530 4153 619 4191 verso.

316 4224 334 4261 ο
