2834 4750
225 264 299 341 tto
529 268 751 337 mensurus
781 262 1041 334 ammonitu
1384 274 1389 342 ι

327 433 411 496 Ἐπεί
433 432 468 495 δὲ
490 434 546 513 τῆς
565 432 748 512 σωματικῆς
769 432 927 511 τιμωρίας
959 431 1131 510 ε’ποιὴοατο
1174 426 1333 509 πρόνοιαν
1404 430 1407 517 ,¹

226 529 372 608 διδακύς
393 532 506 613 καιρὸν
527 530 620 617 σ’ργῇ,
644 520 712 629 καί.
720 533 968 615 φιλανθρωπίαν
989 525 1200 611 συγκεράσας
1210 536 1282 601 τοῖς
1295 528 1343 589 α’ν-
1404 534 1405 543 ’

225 637 398 716 δραπίνοις
419 640 535 711 κακοῖς,
561 629 748 693 οἷπεῖδτκαί
768 627 848 713 πρὸς
877 628 934 713 τὴν
955 626 1263 707 ἐπεισκωμάσασαν
1296 626 1344 689 λύ-

224 758 289 819 μην
309 736 349 797 σύ
368 729 430 814 πρδ
454 735 579 798 πολλῶν
600 729 722 795 τούτων
734 728 904 814 ἐνιαυτῶν,
924 732 979 794 καί
996 733 1275 814 διαφθείρουσαν
1296 727 1346 811 την

225 834 313 913 τάξιν
335 837 391 917 τῆς
413 829 644 916 τῶνύπηκόων
664 836 812 908 πίστεως,
834 834 889 894 καί
909 827 1066 913 σύγχυσιν
1077 831 1166 917 αύτῇ
1191 832 1364 912 auperti-5

227 958 359 1019 ρουσαν,
382 932 437 996 καί
458 933 516 1016 την
538 929 706 1013 βασιλικὴν
731 932 909 1016 ὑπηρεσίαν
929 935 975 1005 είς
997 930 1140 1011 αἰιορίαν
1163 932 1227 993 καί
1248 954 1344 1015 φρον-

225 1036 299 1099 τίδα
321 1031 465 1115 χαλεπὴν
494 1026 759 1114 περιβύλλουσαν.
804 1033 858 1095 καί
875 1029 938 1115 γάρ
962 1031 1064 1113 ἔργοις
1098 1030 1216 1104 αύτοῖς
1238 1054 1344 1109 μεμα-

228 1134 334 1218 θηκώς
356 1133 399 1208 ὥς
420 1133 460 1217 τῇ
485 1135 571 1218 κοινῇ
593 1129 691 1216 φύσει
713 1136 770 1195 τού
789 1130 866 1195 κατα
893 1129 1003 1213 καιρὸν
1028 1135 1197 1213 βασιλέως
1208 1132 1346 1193 δουλεύ-

229 1257 317 1311 οντος
349 1236 406 1299 καί
432 1236 476 1319 τῷ
512 1235 568 1295 τού
592 1230 733 1315 μεγάλου
768 1235 926 1313 βασιλέως
948 1235 1003 1295 καί
1024 1234 1245 1313 δημιουργοῦ
1284 1235 1345 1293 τῶν

227 1330 378 1401 ἁπάντων
406 1331 623 1417 προστάγματι
645 1336 707 1396 τῶν
739 1334 865 1397 ἐνδένδε
895 1336 1136 1413 μεθισταμένου
1151 1320 1177 1411 ‚⁷
1195 1334 1272 1396 ἀνθ’
1302 1324 1379 1397 atrro

229 1430 366 1522 ύφειλεν
393 1434 409 1496 δ
437 1436 508 1514 μετ’
530 1432 629 1498 αύτὸν
648 1432 801 1515 βασιλεὺς
828 1432 902 1509 τοὺς
924 1433 1213 1518 εύαρεστὴοαντας
1235 1436 1344 1519 ἐκείνῳ

227 1541 326 1620 μέχρι
350 1534 476 1614 παντός,
498 1531 626 1617 κοίτην
648 1532 958 1617 εύγνιομοσύνηντῆς
980 1535 1127 1609 δουλείας
1151 1535 1345 1613 ἕνδειξαμὲ-
1406 1550 1407 1577 ³

228 1658 302 1710 τους
325 1636 381 1698 καί
403 1631 439 1696 τὸ
461 1636 518 1717 τῆς
540 1634 768 1719 παραστάσεως
793 1638 926 1715 α’κλινές,
949 1638 1004 1699 καί
1023 1633 1077 1697 τὸν
1101 1632 1264 1698 καύσωνα
1290 1636 1344 1713 τῆς
1406 1628 1407 1631 “

228 1732 351 1821 ἡμέρας
372 1738 428 1799 καί
446 1735 501 1798 τόν
524 1734 658 1818 παγετὸν
678 1740 734 1819 τῆς
757 1735 867 1809 νυκτδς
895 1733 1134 1820 α’νατλήσαντας
1163 1744 1241 1809 ταῖς
1262 1759 1344 1797 παν-

229 1834 338 1920 νύχοις
359 1835 415 1901 καί
431 1838 638 1919 πανημερίοις
660 1838 818 1922 φροντίσι,
841 1837 896 1919 τῆς
915 1836 1135 1920 προσηκούσης
1150 1832 1346 1919 κηδεμονίας
1354 1857 1376 1907 15

130 1928 135 1935 “
230 1936 285 2002 καί
304 1940 522 2023 προσπαδείας
549 1940 725 2019 καταξιούν,
749 1942 804 2001 καί
827 1936 870 2012 ὦς
892 1934 1035 2020 ἆγαθούς
1049 1935 1190 2010 δούλους
1216 1936 1276 1999 καί
1291 1960 1344 1998 πι-

230 2036 325 2114 σιούς
346 2038 508 2119 εύποιεϊν,
536 2041 591 2103 καί
617 2036 674 2122 τήν
698 2036 802 2123 φλόγα
823 2041 878 2120 τῆς
901 2034 957 2101 τού
973 2036 1134 2100 δεσπότου
1159 2035 1344 2131 στερήσεως
1406 2060 1407 2145 η

229 2144 406 2219 βασιλικοῖς
427 2141 626 2222 καταψύχειν
648 2138 904 2224 φιλοτιμήμασι,
937 2140 990 2201 καί
1009 2135 1060 2201 τὸν
1081 2140 1207 2222 θρῆνον
1235 2137 1343 2201 adeor

231 2246 415 2321 μεταποιεῖν
436 2242 482 2314 εἷς
506 2237 541 2304 τὸ
564 2244 784 2323 χαριέστερον,
806 2237 911 2321 βαρύς
930 2240 1052 2318 μᾶλλον
1063 2238 1174 2313 αύτοῖς
1198 2238 1344 2323 ιὶναφαί.
1406 2218 1407 2265 λ

231 2362 331 2419 νιται,
353 2340 408 2404 καί
430 2348 500 2416 ταῖς
524 2343 648 2417 ου’σίαις
670 2342 775 2406 αύτῶν
795 2347 920 2417 πολλοῖς
942 2338 1056 2423 ἱδρῶσι
1077 2341 1133 2404 καί
1147 2338 1264 2416 πόνοις
1276 2343 1378 2408 tur-so

233 2442 415 2524 κτηδιίσαις
439 2439 638 2525 ἐπιβουλεύει
661 2444 871 2529 φιλοκερδεῖς,
902 2446 960 2505 καί
985 2466 1045 2505 που
1069 2442 1127 2504 καί
1148 2467 1244 2518 τινας
1271 2437 1347 2505 τού·
1406 2447 1407 2450 ’

233 2567 296 2608 ταν
316 2540 505 2626 ύπερσρίους
528 2552 621 2624 ποιεῖ,
640 2543 684 2626 μῆ
712 2544 751 2607 τὰ
775 2547 809 2607 ἐν
830 2547 905 2608 ποσί
925 2544 1081 2626 καθορῶν,
1102 2543 1158 2606 καί
1178 2541 1215 2606 τὸ
1241 2540 1345 2634 παρά.-

236 2644 350 2725 δειγμα
375 2644 489 2720 δεδιώς
513 2643 556 2719 ὥς
578 2643 634 2708 καί
652 2647 698 2720 είς
721 2640 832 2726 αύτόν,
851 2647 972 2726 μᾶλλον
993 2646 1029 2709 δὲ
1052 2643 1127 2718 τούς
1149 2643 1204 2706 ύπ’
1231 2642 1344 2728 aderis,

336 2957 477 3025 Postquam
502 2964 589 3009 autem
609 2961 729 3028 corporis
748 2973 852 3026 poenae
870 2959 1026 3027 prospexit,
1055 2959 1208 3010 concedens
1237 2966 1343 3027 tempus

236 3030 293 3082 irae
313 3037 341 3082 ct
357 3029 547 3081 humanitatem
566 3031 713 3083 admiscens
729 3032 849 3082 humanis
870 3030 1108 3097 malis,spcctav1t
1128 3031 1205 3080 etiam
1222 3031 1257 3082 ad
1277 3048 1343 3099 per.

235 3102 344 3166 niciem,
365 3116 435 3168 quae
454 3109 574 3168 grassata
592 3110 650 3152 erat
666 3118 721 3153 non
739 3101 829 3154 multis
849 3111 910 3154 ante
930 3103 1006 3154 annis
1026 3109 1052 3152 et
1071 3101 1200 3168 perdebat
1219 3103 1343 3154 ordinem
1406 3093 1407 3174 λ

235 3173 298 3226 fldci
315 3173 515 3236 subiectorum,
547 3181 574 3223 ct
601 3174 785 3225 confusionem
815 3175 839 3240 ei
859 3173 1022 3225 admiscebat
1046 3180 1072 3222 et
1091 3174 1181 3240 regios
1201 3175 1343 3226 ministros
1406 3181 1407 3184 ’

236 3246 265 3296 iu
283 3243 475 3295 dubitationem
507 3252 534 3294 et
554 3260 642 3295 curam
661 3244 799 3296 difficilem
819 3247 953 3295 coniecit:
986 3245 1083 3295 etenim
1102 3245 1168 3308 ipsis
1188 3245 1272 3296 rebus
1293 3262 1342 3297 co.
1406 3267 1407 3280 ι

234 3324 384 3384 gaaverat,
411 3317 540 3365 communi
560 3323 670 3367 naturae
696 3333 762 3385 rege
781 3317 942 3383 temporario
964 3317 1101 3367 serviente
1126 3323 1152 3365 et
1173 3331 1206 3365 ex
1226 3317 1341 3382 imperio

234 3388 323 3454 magni
343 3387 416 3454 regis
436 3394 462 3436 et
484 3389 613 3439 creatoris
634 3389 750 3439 omnium
770 3388 838 3439 hanc
854 3397 951 3439 terram
970 3387 1150 3453 relinquente,
1173 3403 1235 3437 curn
1256 3387 1340 3440 debe.

234 3465 276 3509 ret
294 3459 431 3524 proximus
460 3472 510 3509 rex
532 3467 623 3527 gratos
646 3459 687 3510 illi
708 3461 815 3510 omnino
837 3460 926 3528 etqui
946 3459 1044 3509 bonum
1066 3459 1181 3508 animum
1199 3461 1340 3510 servitutis
1406 3485 1407 3514 t

235 3530 410 3583 ostenderunt
430 3537 457 3580 et
474 3531 703 3595 perseverantiam
729 3533 860 3582 immotum
881 3539 907 3581 et
926 3538 1028 3582 aestum
1047 3530 1100 3580 diei
1128 3536 1155 3579 at
1182 3529 1270 3599 frigus
1288 3546 1340 3582 no.
1406 3583 1407 3598 η

234 3600 283 3651 ctis
304 3602 426 3667 perpessi
444 3609 507 3652 sunt
523 3604 660 3653 nocturnis
687 3610 714 3652 et
732 3603 833 3654 diurnis
862 3604 950 3667 curis,
981 3601 1179 3662 accommodata
1201 3603 1338 3653 curatione

234 3678 261 3723 et
279 3671 473 3725 benevolentia
500 3673 605 3741 dignari
633 3681 713 3741 atque
744 3682 773 3724 ut
802 3675 830 3725 in
848 3675 933 3725 bonos
951 3687 1044 3725 servos
1073 3681 1100 3723 et
1119 3673 1186 3724 fidos
1205 3673 1337 3726 beneficia

234 3744 361 3796 conferre
384 3751 411 3794 et
429 3743 557 3795 dammam
577 3744 724 3796 orbationis
744 3745 842 3796 domini
862 3747 945 3813 regiis
963 3743 1126 3810 refrigerare
1145 3745 1242 3810 donis,
1260 3754 1338 3813 atque

234 3815 441 3867 lamentationes
462 3830 553 3867 corum
572 3825 680 3867 vertere
701 3818 729 3866 in
748 3817 857 3884 gratias,
879 3833 937 3867 eum
957 3831 1066 3884 gravem
1087 3817 1172 3884 magis
1200 3817 1236 3868 iis
1256 3833 1338 3885 appa.
1406 3853 1407 3862 ι

234 3901 295 3936 rere
315 3893 342 3937 et
360 3887 438 3939 bonis
461 3901 551 3938 eorum
567 3887 651 3938 multo
670 3888 768 3938 sudore
788 3895 814 3938 et
832 3887 925 3939 labora
945 3883 1114 3954 recuperatis
1130 3887 1254 3940 insidiari
1274 3889 1339 3940 lucri

235 3964 423 4022 appetentem,
447 3967 526 4027 atque
553 3960 630 4009 etiam
659 3960 786 4027 quosdam
817 3959 910 4010 horum
940 3961 967 4009 in
1000 3958 1108 4010 exilium
1133 3959 1261 4024 mittere,
1288 3975 1338 4010 non

235 4035 357 4099 prorupta
384 4032 594 4097 conspicientem
616 4037 642 4081 et
668 4030 818 4097 exemplum
843 4031 998 4094 timentem,
1020 4031 1096 4080 etiam
1126 4031 1158 4080 ad
1176 4031 1266 4096 ipsum
1283 4047 1339 4082 me.

236 4097 334 4164 piaque
362 4100 394 4149 ad
424 4101 557 4154 subiectos
587 4101 701 4152 relatum
728 4110 839 4170 aperte:
866 4101 917 4152 hoc
945 4101 1017 4152 clare
1043 4116 1209 4170 cognoscens
1242 4104 1340 4155 studuit

236 4165 356 4222 morbum
377 4169 448 4221 bunc
469 4180 498 4222 ut
515 4174 542 4223 in
561 4174 643 4226 diram
663 4173 786 4240 agentem
807 4173 990 4226 difficultatem
1012 4175 1116 4237 sistere,
1137 4181 1163 4224 et
1180 4172 1273 4242 legem
1293 4189 1340 4244 op.
1406 4187 1407 4244 p

1399 4449 1407 4696 ,
