2834 4750
508 316 717 386 maioma.
1091 306 1165 381 ott
1202 357 1209 383 s

40 473 182 559 ἔσομαι
200 484 267 552 sorr
289 476 325 542 τό
349 477 544 543 Ἀτλαντικόν
570 482 775 559 βουλομένοις
806 476 1038 567 ὐπαρύσαοθαι
1068 462 1168 540 πίλα-

40 602 115 659 γος.
169 578 188 641 ὃ
210 577 270 661 γάρ
292 577 388 653 αὐτός
406 578 558 659 βασιλεύς
579 577 634 643 καί
649 576 822 661 τυράννους
843 579 1099 660 καταβληθέντος
1114 576 1170 639 καί

41 680 281 761 ὐπσταγέντας
314 680 400 768 αὐτῷ
422 681 463 743 οὐ
488 680 583 761 μόνον
610 684 815 760 συμπαθείας
840 683 894 742 καέ
925 676 1169 763 φιλανθρωπίας

45 780 212 859 η’ξίοοσεν,
235 772 316 843 άλλοὶ
339 781 395 842 καί
420 784 583 860 μεγίσταις
605 780 803 861 εὐεργεσίαις
827 770 1079 860 ἐψυχαγώγησεν
1104 768 1170 839 δι’σ-

15 896 120 962 5περ
149 878 193 962 δή
218 879 272 944 τόν
294 883 469 961 Βρυέννιον
491 879 546 944 καί
566 880 640 951 τούς
669 877 769 968 τούτφ
803 873 983 965 ὁμόφρονας
1013 882 1170 958 λαμπροῖς

48 976 231 1061 ἀξιώμασι
252 980 602 1065 ιελεοιουργήσας,’καέ
623 979 680 1056 τάς
702 980 788 1054 ἰδίας
808 981 920 1054 οὐσίας
943 980 1041 1054 ἐάσας
1065 978 1171 1059 αὐτοῖς

49 1078 339 1165 ἀνεπιχειρήτους,
361 1082 416 1147 καί
435 1082 619 1166 προσθήκας
641 1080 693 1145 διά
718 1084 891 1161 βασιλικῶν
911 1082 1038 1160 δωρεοόν
1062 1074 1171 1165 ὐφθό·

49 1204 138 1255 νους
163 1181 274 1256 αὐτοῖς
292 1183 586 1266 περιποιησάμενος,
607 1185 661 1247 καί
682 1182 810 1246 πάντων
831 1183 1047 1248 ἐπιλαθέσθαι
1068 1204 1172 1265 παρα·
1251 1218 1253 1223 ,

50 1284 230 1356 σκευάσας
250 1285 312 1348 τούν
332 1286 506 1367 λυπηρῶν,
537 1280 611 1366 όπερ
643 1285 749 1358 οὐδείς
775 1290 836 1347 τῶν
860 1283 987 1347 πώποτε
1014 1286 1300 1364 βασιλέωνλ.239τ.

7 1404 41 1458 ιο
52 1382 206 1465 ποιήσας
232 1383 406 1467 εὐρίσκετο,
418 1385 473 1449 καί
493 1386 661 1465 πολεμίους
674 1384 916 1469 προσφυγόντος
938 1383 1076 1465 εὐμενῶς
1093 1404 1171 1467 προ-

51 1486 239 1565 σεδέξατο,
256 1488 313 1548 καί
330 1478 442 1567 χάραν
461 1488 569 1560 αὐτοῖς
581 1487 736 1569 δημοσιάν
758 1486 909 1565 α’πένειμε
931 1486 986 1548 καί
1005 1486 1172 1570 φιλοτίμου

54 1587 492 1669 διατριβήςμεταδέδωκεν.
1035 1604 1039 1614 ’
1086 1604 1090 1610 ·

172 1686 406 1769 Βύσεβέστατος
430 1689 466 1750 δέ
488 1680 533 1751 clv
556 1689 594 1752 τά
618 1687 695 1771 πρός
719 1684 795 1751 θεόν
817 1685 849 1761 ἐς
870 1686 908 1751 τά
937 1684 1089 1769 μάλιστα,
1109 1690 1173 1769 βα·
1269 1765 1278 1777 s

56 1798 209 1863 σελικαῖς
231 1788 428 1874 πανηγύρεσί
447 1812 481 1854 τε
509 1794 564 1853 καί
581 1787 700 1873 ’χάρισι
730 1792 785 1852 καί
806 1790 1027 1874 φωτοχοσίαις
1055 1788 1112 1863 τάς
1139 1811 1174 1851 τε

10 1903 47 1955 15
58 1897 106 1957 δι’
133 1891 228 1965 ἔτους
250 1889 436 1964 δεσποτικὰς
464 1884 573 1973 ἐορτάς
597 1894 629 1965 ἐς
649 1888 683 1954 τό
709 1891 839 1974 ὐκριβὲς
857 1888 1107 1972 κατελάμπρυνε,
1122 1891 1177 1951 καί

57 1991 124 2069 τάς
149 1996 213 2058 τεόν
234 1988 407 2075 μαρτύρων
435 1989 562 2074 μνήμας
595 1995 650 2053 καί
675 1995 738 2055 τούν
767 1981 870 2064 άλλως
899 1985 1176 2073 εὐπρεστησάντων

59 2099 137 2182 θεῷ
155 2100 296 2170 τελετοῖς
313 2088 488 2177 πανδήμοις
504 2094 559 2155 κατ’
580 2095 752 2174 παννύχοις
772 2094 998 2173 χοροστασίαις
1020 2092 1053 2153 ἐν
1074 2090 1176 2171 δαψι-

62 2202 122 2259 tes?
139 2197 186 2285 τρῖ
209 2196 295 2279 φωτί
316 2196 499 2279 περιφανῶς
521 2196 747 2273 κατεοέμνυνε.
790 2193 844 2255 καί
859 2190 1007 2255 τοσοῦτον
1028 2185 1176 2273 ἐξήρτητο

62 2300 128 2362 καί
161 2293 385 2380 περιεγάννυτο
413 2303 482 2369 ταῖς
502 2296 606 2368 θείαις
628 2290 757 2367 τούτοις
781 2289 1019 2378 λαμπρότησιν,
1044 2287 1095 2354 ότι
1116 2310 1175 2373 περ
1202 2320 1214 2345 ο

16 2407 55 2462 20
68 2392 295 2482 ὐρθριοότερος
317 2395 392 2480 περέ
419 2395 547 2479 πραότοις
568 2390 786 2479 ἀλεκτρυόνων
803 2389 887 2482 ᾠδάς
904 2401 966 2468 τοῖς
986 2390 1177 2474 ὐμνσπόλοις

67 2496 325 2584 ἐπιφαινόμενος
348 2496 474 2571 καέιοϊς
494 2495 799 2581 συνεκκλησιάζουσι
823 2499 1009 2575 βουλευταῖς
1029 2492 1085 2556 καί
1098 2515 1178 2574 συγ·
1208 2562 1213 2568 ,

67 2607 247 2684 κλητικοῖς,
269 2599 343 2662 οὐδὲ
363 2601 407 2686 τῷ
426 2599 579 2687 βασιλείῳ
600 2596 707 2686 θρόνφ
729 2590 845 2661 ἑαυτόν
866 2593 1014 2660 ἐπεδίδου
1038 2591 1105 2658 αλλ’
1122 2585 1180 2676 όρ-

69 2707 149 2776 θιος
172 2697 338 2782 ἱστάμενος
361 2690 439 2782 όιχρι
468 2703 576 2774 τέλους
608 2702 662 2780 τής
694 2697 874 2786 ὐμνριδίοις,
905 2693 973 2780 ήτις
999 2693 1055 2760 καί
1081 2695 1178 2779 μέχρι

71 2805 189 2886 τρίτης
212 2796 299 2884 οόρας
322 2805 378 2884 τής
398 2799 519 2885 ἡμέρας
538 2802 581 2890 τῷ
600 2805 788 2884 περικαλλεῖ
806 2801 869 2863 τεόν
888 2790 998 2880 ὐμνων
1020 2796 1074 2863 καί
1087 2799 1180 2881 ι’σογ-

75 3064 224 3118 exhaurire
241 3077 336 3119 unare.
375 3061 443 3113 idem
474 3062 542 3112 onim
560 3078 610 3113 rex
637 3067 664 3112 et
691 3068 818 3126 tyrannos
845 3060 963 3112 deiectos
990 3067 1018 3111 ct
1035 3059 1180 3115 submissos

73 3137 130 3190 sibi
155 3151 209 3188 non
224 3135 325 3196 ‘solum
343 3134 527 3185 misericordia
558 3140 585 3184 et
608 3132 772 3182 humanitate
797 3131 920 3198 dignutus
947 3139 1004 3196 est,
1030 3133 1077 3184 scd
1101 3133 1179 3184 etiarn

73 3207 200 3260 maximis
218 3206 357 3258 beneficiis
376 3205 503 3274 placavit,
523 3206 592 3256 sicut
610 3204 772 3269 Bryennium
789 3211 814 3253 et
834 3204 943 3270 eosqui
963 3218 1022 3254 cum
1043 3203 1095 3255 hoc
1114 3219 1180 3255 sen.

73 3283 180 3342 theut,
200 3277 349 3331 illustribus
375 3276 546 3345 dignitatibus
578 3291 678 3342 augens
710 3282 736 3326 ct
761 3275 865 3340 privata
882 3273 952 3325 bona
970 3274 1126 3342 relinquens
1146 3276 1179 3326 iia

73 3353 178 3403 intacta
198 3359 224 3402 ct
242 3351 426 3401 accessionem
443 3348 527 3414 regiis
540 3348 617 3398 donis
633 3347 775 3413 benignam
789 3347 822 3396 iis
842 3343 998 3409 conciliaus,
1019 3354 1045 3396 et
1064 3346 1180 3398 omniurn

42 3461 47 3470 .
75 3423 189 3474 oblivisi
208 3421 303 3473 iubens
321 3421 451 3482 tristium,
480 3420 507 3468 to
527 3420 597 3486 quod
618 3433 696 3469 nemo
723 3432 838 3484 uuquam
862 3433 955 3485 regum
974 3416 1076 3470 iaciens
1095 3432 1180 3484 appa.

73 3495 164 3555 rebat,
184 3501 211 3543 et
230 3492 331 3556 hostes,
351 3492 397 3559 qui
415 3491 448 3542 ad
467 3505 526 3541 eum
545 3489 733 3558 confugerent,
752 3488 899 3540 clementer
918 3489 1025 3556 excepit
1046 3495 1180 3540 attentam

74 3567 111 3617 iis
131 3562 264 3630 publicam
283 3564 376 3614 tribuit
400 3570 426 3613 ct
444 3577 594 3630 generosae
614 3561 831 3612 commorationis
850 3561 995 3627 participes
1010 3559 1083 3612 lecit.

178 3650 315 3703 Piissimus
334 3658 421 3702 autem
440 3651 468 3702 in
491 3649 571 3701 rcbus
590 3649 688 3703 divinis
707 3649 827 3715 inprimis
855 3649 938 3718 regiis
958 3649 1132 3701 concionibus
1153 3654 1179 3701 et

77 3724 184 3794 gaudiis
206 3729 233 3772 et
251 3721 378 3772 luminum
398 3723 476 3788 copia
502 3736 590 3773 annua
610 3721 796 3772 dominationis
826 3720 894 3772 festa
913 3729 1037 3772 accurate
1056 3719 1178 3772 illustra.

76 3797 126 3848 bat
146 3804 173 3847 et
190 3801 333 3858 martyrum
360 3793 511 3844 memoriam
536 3792 567 3842 'et
585 3791 664 3843 aliter
689 3793 739 3842 deo
765 3799 899 3859 gratorum
919 3793 1001 3844 sacris
1019 3790 1134 3859 publicis
1154 3799 1181 3844 et

78 3867 218 3921 nocturnis
238 3862 328 3915 choris
346 3863 433 3929 plenis
452 3861 596 3915 luminibus
616 3863 689 3913 clarc
708 3864 828 3926 ornabat,
847 3870 927 3931 atque
944 3870 1044 3915 tantum
1063 3864 1179 3916 intentus
1285 3873 1297 3886 ’

81 3947 139 3992 crat
159 3946 185 3991 ct
202 3933 351 3988 laetabatur
374 3934 465 3986 divino
486 3934 538 3984 hoc
556 3933 715 4000 splendore,
745 3941 773 3984 ut
795 3948 871 3984 mano
897 3934 969 3985 circa
993 3936 1091 4002 primos
1119 3936 1180 4005 gal.

79 4011 168 4062 lorum
187 4015 280 4061 cantus
298 4006 454 4073 hymnorum
472 4006 561 4071 poetis
579 4019 711 4070 apparens
732 4012 758 4057 et
776 4007 808 4056 iis
828 4005 873 4072 qui
896 4021 911 4055 e
930 4014 1024 4058 senatu
1044 4015 1071 4059 ot
1089 4009 1180 4060 consi.

80 4081 120 4133 lio
140 4082 236 4135 icstum
256 4076 485 4141 concelebrarent,
503 4092 538 4127 ne
555 4077 631 4143 regio
646 4077 752 4144 quidem
771 4076 841 4127 solio
861 4091 890 4129 ιε
909 4077 1035 4144 traderet,
1054 4081 1102 4132 scd
1118 4095 1181 4132 cre-

83 4160 141 4205 etur
159 4168 244 4222 nsqne
263 4151 295 4202 ad
314 4151 392 4202 linem
422 4156 530 4214 cantus,
557 4149 601 4216 qni
630 4148 662 4198 ad
680 4147 785 4220 tertiana
810 4147 901 4199 horam
920 4149 974 4202 diei
994 4149 1097 4218 hymnis
1116 4167 1182 4221 per.

82 4224 204 4294 pulchris
223 4231 250 4275 ct
266 4221 397 4292 angelicis
417 4220 537 4287 durabat,
555 4220 606 4273 deo
632 4233 727 4287 preces
746 4217 911 4288 absolvebat,
931 4229 958 4274 ot
979 4221 1105 4277 atillam
1125 4223 1181 4276 cri.
