2834 4750
249 239 324 321 214
539 238 761 370 strennuus
792 235 1054 310 trumonis

249 413 426 500 έπιφορᾶς,
451 433 504 472 και
498 361 672 489 πολέμων
703 403 910 487 πανταχόθεν
941 403 1262 486 α’ναρριπιζομένων
1294 420 1405 482 σρο-

251 517 354 596 δρῶς,
376 511 545 593 εύδαρσῶς
572 511 626 572 καί
652 511 802 592 γενναίως
824 506 1015 570 ἀνθίσταται
1035 504 1176 579 τούτοις
1199 498 1306 576 αυτὸς
1325 497 1365 562 καὶ

248 614 475 691 α’νθοπλίζεται
504 613 681 694 κραταιῶς,
718 608 780 689 ούχ
806 600 915 681 ὅπλοις
952 605 1007 669 καί
1038 602 1171 686 πλήθει
1194 599 1366 688 θαρρήσας

248 714 451 800 στρατιωτῶν
472 704 570 797 (ἦσαν
599 708 659 795 γάρ
689 710 1015 793 προκατειργασμένον
1044 703 1171 781 πάντες
1196 701 1258 767 καί
1279 727 1369 768 κατα·

247 817 436 902 βεβλημένοι
465 820 536 887 ταῖς
560 815 727 894 συνεχέσιν
750 811 954 930 ε’πιδρρμαϊς
978 831 1031 871 και
1052 815 1215 893 σφαγαῖς
1244 830 1297 870 και
1316 798 1366 888 ήτ-
1351 816 1405 874 -51

247 941 341 1000 ταις,
371 916 406 979 οἳ
431 917 466 978 δὲ
500 915 555 976 καί
577 908 766 986 δεδιότεςιν
747 934 795 974 ετι
816 909 871 973 καί
896 909 998 996 τούτιρ
1029 904 1074 991 μή
1100 904 1366 991 συνερχόμενοι),

248 1013 330 1081 diti
351 1018 394 1104 τῷ
414 1009 492 1101 θείην
515 1016 621 1077 σθένει
639 1015 748 1076 πᾶσαν
779 1011 909 1085 α’ναθείς
928 1007 985 1093 τήν
1013 1009 1146 1089 ἐλπίδα,
1175 1011 1238 1073 καί
1260 1010 1303 1095 τῶ
1322 1010 1366 1069 δι-
1403 1012 1405 1093 i

247 1113 326 1202 καίιρ
350 1116 431 1204 ζήλιρ
453 1115 508 1197 τήν
530 1112 638 1190 δεξιάν
658 1110 802 1197 ὁπλίσας,
825 1108 902 1176 κατά
919 1112 1029 1176 πασῶν
1050 1111 1118 1175 τῶν
1134 1113 1365 1191 α’ντικειμέναν
1403 1128 1405 1259 Ι

174 1265 177 1270 -
248 1213 421 1297 δυνάμεων·
445 1212 700 1298 παρρησιάζεται
730 1210 790 1296 τήν
819 1207 974 1295 ἀλήθειαν
1001 1215 1057 1276 καί
1078 1218 1155 1276 κατ’
1183 1213 1296 1274 αύτού
1314 1212 1366 1294 τού
1403 1264 1404 1283 η

111 1325 131 1382 λ.
150 1327 202 1383 tta
214 1343 237 1383 r.
247 1319 452 1402 κρατοῦντος,
484 1315 545 1396 ούχ
578 1313 622 1389 ῶς
648 1314 821 1394 βασιλικῶς
841 1315 1062 1397 διαγινομένου
1097 1310 1181 1395 περί
1202 1308 1247 1376 τά
1271 1301 1405 1394 πράγ-λλΙ

247 1442 345 1501 ματα,
368 1417 436 1482 ἀλλ’
459 1413 501 1492 ῶς
522 1415 716 1499 τυραννικῶς
729 1413 784 1477 καί
797 1408 949 1493 ἀθέσμοις
967 1416 1022 1477 καί
1035 1408 1261 1496 Ιἀπρονοήτως
1285 1435 1363 1493 χρα·

246 1521 345 1601 μένου
367 1520 405 1603 τῇ
427 1514 581 1600 διοικήσει
601 1518 663 1580 τῶν
685 1509 777 1597 ὅλων,
798 1520 853 1578 καί
873 1517 919 1591 εἰς
933 1513 1034 1579 ,κακὸν
1057 1511 1243 1598 βάραθρον
1265 1537 1363 1578 συνα-
1403 1552 1405 1613 3

247 1619 383 1693 δούντος
405 1614 485 1702 τούς
501 1615 662 1693 Αύσόνας.
706 1614 778 1680 ἐπεί
798 1613 860 1699 γάρ
882 1612 1018 1701 γράφων
1038 1611 1072 1680 τὸ
1097 1616 1175 1678 δέον
1198 1610 1361 1689 πολλάκις,

248 1720 304 1782 καί
324 1714 554 1800 συμβουλεύων
577 1715 620 1803 τῶ
635 1721 767 1799 βασιλεῖ
779 1721 973 1799 μεταβαλεῖν
985 1713 1065 1799 πρὸς
1085 1712 1120 1778 τὸ
1143 1717 1295 1799 βέλτιον,
1316 1714 1362 1775 καί

248 1815 451 1904 δικαιοσύνης
472 1811 578 1892 οπλοις
600 1842 654 1882 και
678 1825 918 1902 στρατιωτικοις
939 1813 1157 1902 μηχανήμασι
1180 1841 1243 1881 και
1235 1814 1361 1933 δορά-
1368 1829 1405 1882 λι

205 1912 209 1922 Ν
248 1945 311 1988 των
343 1917 547 2044 προβλήμασι
576 1921 875 2004 καταστρατηγῆσαι
902 1921 966 1983 τῶν
993 1920 1164 1998 ε’ναντίιον,
1195 1919 1245 1980 ού
1270 1911 1361 1999 μόνον
1403 1896 1405 2003 i

248 2007 308 2086 ούκ
328 2014 403 2104 εἶχε
415 2021 527 2086 τοῦτον
548 2021 729 2103 καταπειδή
749 2044 802 2084 και
827 2016 990 2101 ὁμόδοξον,
1012 2017 1092 2084 ἀλλὰ
1116 2042 1173 2083 και
1169 2017 1362 2101 δυσμενῶς
1403 2070 1405 2155 η

248 2120 328 2207 πρύς
351 2119 451 2186 αύτδν
473 2119 672 2244 διακείμενον
690 2121 746 2185 καί
761 2124 921 2201 μισοῦντα
946 2123 1056 2186 τούτου
1076 2118 1131 2184 διά
1154 2115 1217 2202 τήν
1242 2116 1361 2201 εύσχή-

247 2242 331 2303 μονα
353 2221 552 2303 συμβουλήν,
567 2218 665 2295 αύτός
680 2217 754 2294 τούς
776 2221 1016 2303 τηλικούτους’
995 2222 1118 2303 αγῶνας
1128 2244 1193 2284 και
1215 2216 1260 2284 τά
1284 2213 1360 2283 κατά

249 2324 313 2387 τῶν
335 2317 524 2409 ἀλλοφύλων
551 2319 760 2404 παλαίσματα
787 2319 919 2407 κοίτην
948 2321 1036 2407 ὑπὲρ
1058 2324 1122 2386 τῶν
1139 2321 1389 2405 Χριστιανῶιγρ

251 2425 407 2511 φροντίδα
428 2424 526 2504 μόνος
547 2420 726 2508 ύπέρχεταί
742 2447 775 2488 τε
797 2428 852 2490 καί
872 2424 1058 2505 α’ναδύεται,
1080 2421 1135 2487 καί
1156 2426 1259 2505 μέσον
1280 2424 1359 2487 θεοῦ

249 2522 305 2589 καί
326 2523 505 2613 άνθρῶπων
534 2524 592 2610 τήν
616 2521 742 2607 α’γαθήν
761 2529 947 2609 προαίρεσιν
968 2528 1023 2589 καί
1050 2523 1106 2591 τδν
1126 2522 1360 2611 έμφωλεύοντα
1401 2519 1402 2528 ’

250 2626 350 2713 τούτῳ
379 2622 493 2690 σκοπὸν
526 2628 643 2711 εύσεβή
664 2626 921 2713 προβαλλόμενος
952 2619 1089 2712 άρχεται
1115 2627 1173 2692 τού
1193 2625 1262 2690 τῶν
1279 2622 1362 2691 Ῥα-

251 2877 386 2930 etiamtum
412 2875 542 2949 flngrsnte
570 2880 671 2947 impetu
698 2887 725 2931 et
752 2880 873 2934 hostibus
905 2880 1082 2949 undecunque
1111 2877 1191 2932 vnlde
1221 2879 1358 2942 excitatis,

251 2950 358 3014 fortiter
388 2959 415 3003 et
438 2959 571 3021 generose
597 2952 698 3005 resistit
722 2951 764 3005 bit
781 2952 856 3019 ipse,
880 2960 908 3003 et
934 2959 1018 3004 nrmnt
1042 2966 1075 3003 se
1091 2957 1218 3019 potenter
1235 2966 1296 3002 nom
1316 2967 1359 3003 nr.
1402 2946 1405 2955 ‘

249 3022 299 3076 inis
318 3028 345 3075 et
362 3022 531 3076 multitudine
555 3024 639 3077 fretus
664 3023 779 3075 militum
803 3028 895 3092 (erunt
922 3024 991 3075 enim
1016 3030 1095 3075 antes
1119 3022 1239 3074 coniecti
1263 3037 1359 3074 omnes

251 3102 278 3147 et
296 3094 395 3147 deiecti
423 3096 555 3148 continuis
585 3095 784 3149 incursionibus
814 3102 842 3147 et
867 3094 993 3147 caedibus
1018 3102 1045 3145 et
1069 3094 1208 3147 eindibnsz
1237 3093 1290 3145 eiii
1309 3110 1358 3145 sn.
1403 3117 1404 3158 3

248 3175 302 3219 tem
330 3168 465 3219 etiamtum
494 3169 522 3218 in
551 3168 646 3219 timore
678 3173 754 3219 erunt
783 3181 872 3234 neque
905 3182 964 3217 eum
994 3166 1046 3217 Ιιοο
1077 3182 1107 3232 se
1140 3165 1355 3234 coniungebsnt)

249 3238 298 3291 sed
317 3237 350 3289 ed
369 3238 485 3290 divinam
504 3238 651 3305 potentium
670 3238 793 3291 referens
819 3251 922 3289 omnem
948 3252 1022 3304 spem
1045 3246 1072 3289 et
1095 3238 1165 3289 iusto
1184 3239 1276 3290 studio
1296 3238 1355 3289 fidei

250 3310 369 3363 dextrum
395 3325 499 3362 armans
525 3318 618 3361 eontra
649 3324 741 3361 omnes
768 3310 904 3376 oppositos
931 3309 1004 3361 vires
1023 3308 1110 3361 iibere
1128 3308 1194 3361 dicit
1211 3310 1354 3361 veritatem

251 3382 329 3432 etism
350 3388 442 3437 contro
462 3382 547 3448 ipsum
563 3382 761 3448 imperatorem,
780 3382 880 3448 qnippe
899 3382 944 3449 qni
962 3394 1017 3431 non
1033 3382 1106 3448 rogis
1125 3382 1208 3432 instsr
1227 3382 1257 3431 in
1274 3380 1353 3431 rebus

249 3460 372 3506 versatus
392 3459 464 3505 esset
482 3453 529 3505 sed
548 3454 655 3517 tyranni
672 3467 747 3504 more
761 3460 789 3506 et
805 3452 905 3504 iniuste
924 3458 951 3503 et
968 3451 1149 3517 imprudenter
1163 3458 1290 3504 uteretur
1307 3451 1352 3503 sd-

156 3555 161 3565 ·
248 3524 445 3577 ministratione
464 3525 545 3575 totins
566 3524 682 3575 civitatis
702 3531 730 3575 et
753 3525 781 3573 in
799 3522 895 3575 mulam
924 3524 1081 3591 voraginem
1101 3521 1282 3589 compelleret
1297 3524 1352 3575 Au.

249 3598 339 3649 sonti.
378 3611 436 3647 curn
455 3597 525 3647 unirn'
553 3596 671 3647 scribens
697 3596 878 3649 successorium
901 3610 982 3660 saepe
1009 3603 1036 3645 et
1053 3594 1166 3647 suadens
1185 3596 1258 3663 regi,
1275 3603 1305 3644 ut
1322 3593 1352 3644 nd

152 3720 156 3726 ,
208 3700 212 3710 s
249 3667 347 3721 melius
368 3682 397 3720 se
420 3674 553 3731 verteret,
574 3674 601 3717 et
620 3667 738 3718 iustitiae
757 3667 836 3718 ermis
858 3670 884 3717 et
909 3665 1068 3717 militaribus
1095 3664 1196 3718 artibus
1216 3674 1246 3716 et
1262 3665 1352 3717 beste-

248 3754 305 3791 rum
324 3739 459 3804 praesidio
486 3704 635 3791 debellaret
660 3738 840 3800 adversarios,
864 3750 918 3788 non
945 3736 1032 3789 seium
1061 3751 1117 3789 non
1141 3736 1257 3788 baberet
1284 3737 1352 3787 bunt

250 3809 419 3861 obedientem
441 3819 467 3863 et
483 3812 554 3861 idern
574 3811 744 3881 sentientem,
764 3809 909 3862 sedetiam
932 3808 1040 3859 inimice
1061 3808 1190 3860 adversus
1209 3824 1240 3860 se
1261 3809 1351 3874 dispo-

248 3880 327 3933 situm
348 3888 375 3931 et
393 3883 453 3934 odio
473 3870 620 3933 habentem
633 3881 702 3931 hunc
721 3879 938 3948 propterbonum
954 3879 1111 3944 consilium,
1130 3882 1189 3946 ipse
1208 3879 1273 3931 tuiis
1293 3896 1350 3930 cer-

248 3951 348 4001 tamina
367 3960 393 4002 ot
413 3953 573 4005 luctationes
594 3962 686 4005 contra
705 3961 800 4021 gentes
824 3950 893 4003 nlius
912 3953 1003 4019 stirpis
1029 3959 1056 4002 et
1074 3967 1162 4003 curum
1183 3951 1349 4006 Christiano·
1403 3989 1405 3998 .

248 4036 306 4073 rum
325 4021 399 4073 solus
418 4032 549 4077 sustentat
567 4031 594 4076 ot
611 4024 699 4091 subit,
726 4033 754 4076 et
771 4037 859 4094 eorum
884 4022 934 4073 deo
954 4032 981 4075 et
999 4022 1150 4075 bominibus
1167 4021 1268 4075 bonnm
1286 4037 1348 4089 pro-

249 4090 366 4159 positum
385 4101 412 4143 et
431 4092 582 4147 latentem
575 4111 603 4147 in
622 4095 674 4146 boc
690 4064 772 4149 'linem
791 4086 862 4163 pium
881 4096 1059 4161 praetendens
1078 4095 1173 4162 incipit
1201 4095 1347 4162 principun
1401 4100 1405 4144 t

250 4162 412 4219 Graecorum
437 4165 582 4234 tranquillo
607 4167 816 4233 animemini,
839 4181 985 4223 removens
1009 4166 1082 4235 regis
1106 4165 1265 4234 profundam
1283 4164 1346 4218 bino
1403 4195 1405 4250 Ι
