2834 4750
221 259 297 331 κου
512 252 731 325 urcusmu
763 244 1024 322 λπλιιοελο
1406 260 1407 349 p

223 448 279 511 ροκ
302 425 359 507 δέ,
386 418 468 506 μετὰ
489 418 526 486 τό
550 421 737 484 ἐπανελθεῖν
759 415 814 482 τόν
832 416 1031 507 Ῥουσέλιον,
1054 418 1184 489 ποιναῖς
1206 412 1349 496 περιπί-

222 550 350 607 πτουσι,
368 523 427 607 τῆς
449 524 537 607 δίκης
557 516 773 610 μετελθούσης
801 514 929 592 αύτούς.

324 622 364 691 Οἱ
387 626 415 687 δ’
434 624 468 687 ἐν
486 624 526 708 τῇ
536 616 752 706 βασιλευούσῃ
775 615 923 705 φυλακὰς
939 616 1134 702 ἀμφοτέροις
1149 621 1222 689 τοῖς
1240 614 1347 677 α’νακ-
1406 664 1407 685 ,

222 725 324 813 τόροις
348 720 593 809 ἐπιστήσαντες,
620 718 664 795 ὦς
690 723 900 805 προείρηται,
931 719 1122 801 προσέμενον
1140 718 1190 805 τῷ
1208 715 1345 801 μεγάλην

133 848 137 857 “
222 831 367 907 τεμένει,
390 823 445 889 καί
465 822 632 897 ἐπιστολός
654 824 697 908 τῷ
719 817 915 909 Βυτανειοὶτη
939 816 1086 902 δουλικὴν
1109 816 1259 901 ἐχούσας
1281 812 1367 896 τῆνο
1406 862 1407 895 ,

126 925 128 928 ⁵
223 928 317 1016 ῥῆσιν
335 926 526 1008 ἀνέπεμπον,
547 925 601 987 καί
620 921 679 1006 τὴν
703 924 874 1017 ἐπιδημίαν
895 917 938 997 σός
959 924 1039 985 θεοῦ
1058 924 1103 1009 τῷ
1124 911 1200 985 όντι
1223 924 1341 983 nodet·

221 1032 284 1103 νοός
304 1023 510 1109 ἐπετάχυνεν.
554 1026 610 1087 καί
630 1015 714 1108 ἦσαν
737 1024 790 1086 ἐπί
809 1025 913 1107 τρισίν
948 1021 1081 1106 ἡμέραις
1119 1020 1340 1103 οἷβασιλευτον
1406 1012 1407 1091 λ

221 1133 387 1215 τηροῦντες
406 1124 465 1211 τὴν
480 1122 572 1190 πόλιν
593 1116 799 1203 καόόσυλον,
822 1125 876 1187 καί
898 1124 993 1186 τοῦτο
1008 1124 1187 1203 μονονουχὶ
1208 1118 1341 1207 ἐπιφω-
1406 1110 1407 1115 ¹

224 1231 352 1303 νούντες
374 1227 501 1309 συχναῖς
522 1218 599 1309 όπερ
632 1227 687 1287 καί
709 1221 762 1287 ἐπὶ
793 1226 852 1287 τού
877 1224 956 1304 ἐμοῦ
965 1226 1124 1308 ’Χριστοῦ
1158 1222 1190 1286 οἱ
1225 1223 1341 1295 παῖδές
1404 1270 1407 1277 .

221 1352 294 1395 ποτε
320 1325 402 1411 μετό
432 1324 556 1391 κλύδων
573 1322 777 1411 criminoso,
797 1322 832 1388 τό
859 1324 1089 1409 “ευ’λογημένος
1113 1322 1128 1387 ὅ
1161 1318 1372 1407 ἐρχόμενοςίθ

222 1433 256 1495 ἐκ
276 1426 403 1512 δτόματι
426 1433 537 1510 κυριόυ
558 1425 713 1508 βασιλεύς
735 1422 986 1507 εύσεβέστατος”.
1031 1418 1049 1485 ό
1074 1426 1128 1487 καί
1149 1418 1340 1505 παραδοξό-
1406 1454 1407 1483 ι

222 1552 318 1595 τατον
340 1538 405 1604 τοῖς
427 1523 514 1602 όλοις
536 1522 767 1609 διεγινώσκετο,
792 1525 847 1589 κατ’
869 1525 977 1590 ον’δενί
1009 1528 1071 1588 τῶν
1094 1522 1255 1589 ἁπάντων
1292 1523 1337 1595 εἰς
1406 1502 1407 1523 ¹

222 1632 338 1715 μνοόσιν
358 1627 513 1713 ἐλήλυθεν
534 1626 554 1711 ἢ
577 1624 702 1710 ἱστορία
725 1628 960 1712 παραδέδωκεν,
982 1625 1034 1689 ἵνα
1057 1623 1254 1711 χηρεύουσα
1276 1628 1338 1705 βα·
1406 1632 1407 1665 l

184 1778 190 1789 ·
223 1725 397 1795 σιλεύουσα
424 1725 515 1804 πόλις
535 1730 656 1811 μηδένα
670 1733 725 1813 τῆς
748 1729 851 1813 οἷρχῆς
865 1714 1032 1811 ’λογίσηται
1054 1718 1142 1804 όξιον
1166 1719 1188 1809 ἢ
1210 1723 1339 1809 τόνέρ-
1406 1730 1407 1811 l

221 1830 354 1913 χύμενον
377 1823 496 1909 ἔξωθεν
523 1830 578 1891 καί
606 1827 841 1913 προερχόμενον
870 1825 949 1911 μετὰ
980 1831 1149 1909 βασιλικῆς
1178 1820 1370 1909 πεποιθηΛᾱ

224 1955 317 2007 σεοος.
362 1926 514 1996 όδενκαί
534 1928 550 1993 ό
572 1929 681 2007 στόλος
701 1924 796 2011 δι’πας,
818 1923 896 2013 ἄχρι
920 1932 1107 2013 Πραινέτου
1138 1925 1226 2008 μετοὶ
1258 1952 1337 1991 συν-
1406 1928 1407 1999 l

225 2033 340 2110 τάξεως
362 2032 583 2110 ἀποπλεύσας,
605 2029 782 2117 εύφημίαις
804 2034 914 2095 τοῦτον
937 2031 1193 2115 ου’ρανοβᾰμυσιν
1219 2029 1337 2111 ἐμεμύ-

225 2140 308 2197 λυνε.
352 2136 408 2199 κατ’
430 2134 543 2197 πολλοί
563 2132 627 2196 τοῖν
652 2134 685 2195 ἐν
705 2134 865 2209 ἐξουσίαις
886 2134 1031 2213 πολιτῶν,
1056 2120 1103 2204 οἷς
1125 2132 1159 2193 τό
1183 2131 1336 2213 βαδίζειν

228 2238 283 2297 καί
318 2230 463 2299 α’ποστόδ
483 2281 492 2298 .
514 2282 522 2298 .
545 2232 703 2319 α’σόνηθες
729 2224 788 2316 η’ν,
825 2228 1052 2317 πρυτρέχόντες
1080 2222 1157 2315 όχρι
1190 2232 1336 2301 Νικαίας
1406 2222 1407 2293 λ

228 2330 390 2423 πεζοδτῷ
423 2338 553 2417 βασιλεῖ
579 2334 617 2399 τό
649 2336 818 2418 εὐαγγέλια
849 2336 976 2418 θερμαῖς
1007 2330 1088 2414 μετὰ
1125 2333 1249 2397 πολλοῦ
1279 2331 1370 2396 cotto
1406 2385 1407 2422 3

227 2428 394 2517 όσθματος
414 2436 638 2524 προηγόρευον,
657 2439 779 2521 μηδένα
801 2435 982 2523 φόβοντοόν
1015 2430 1163 2520 Τσύρκυτν
1184 2432 1233 2507 εἷς
1258 2434 1335 2496 νοῦν
1406 2431 1407 2434 ’

228 2535 463 2619 λαμβάνοντες,
492 2537 524 2602 οδ
553 2534 608 2603 τόν
636 2533 670 2600 ἐν
700 2539 925 2627 μέσῳιχαῖρον
947 2531 1099 2621 ἀγεληδόν
1120 2536 1335 2618 περιέτρεχον.

228 2638 262 2699 ἐκ
284 2637 320 2701 δέ
339 2640 376 2723 τῇ
396 2641 566 2726 Πραινέτιρ
590 2639 890 2722 διαναπαυσοὶμενος
912 2633 929 2699 ό
952 2635 1103 2719 βασιλεὺς
1126 2631 1222 2721 (πρός
1236 2636 1333 2699 ἐσπέ-

227 2860 359 2914 cidentem
378 2873 569 2931 processerunt
598 2875 625 2919 et
641 2869 784 2920 inveniunt
802 2865 955 2931 lluselium,
976 2867 1022 2934 qui
1046 2863 1195 2918 Heracleae
1213 2867 1267 2916 iam
1286 2866 1331 2916 si-

226 2935 330 2986 ctoriae
348 2935 382 2987 de
401 2935 561 2991 adversariis
573 2947 726 3007 reportatae
743 2939 842 3007 gratias
853 2939 1030 2992 sacrificaret:
1049 2945 1223 3005 posteaquam
1243 2945 1332 2988 autem
1406 2979 1407 2984 ,

226 3005 353 3059 lluselius
370 3008 458 3074 rediit,
476 3010 503 3060 in
522 3025 623 3078 poenas
641 3011 763 3062 incidunt
782 3011 902 3062 iustitiae
922 3025 968 3062 eos
987 3009 1183 3078 persequentis.

333 3095 385 3159 Qui
404 3102 491 3147 sutem
509 3098 537 3148 in
555 3099 622 3150 urbe
642 3107 732 3163 erant,
751 3098 884 3166 praesidia
909 3098 1015 3166 utrique
1033 3099 1126 3166 regiae
1144 3097 1330 3162 imponentes,

227 3173 257 3216 ut
275 3165 372 3217 dictum
393 3174 435 3218 est
451 3175 542 3234 antea,
560 3170 702 3222 manebant
721 3171 790 3236 apud
809 3185 932 3238 magnum
951 3169 1039 3220 lanum
1067 3177 1094 3220 et
1119 3166 1248 3235 epistolas
1274 3167 1330 3220 Bo-

226 3237 344 3289 taniatae
361 3238 488 3291 servilem
507 3240 636 3293 babentes
657 3241 800 3299 dictionem
825 3241 975 3304 mittebant,
996 3247 1023 3290 et
1039 3241 1182 3291 adventum
1204 3247 1329 3307 tanquam

226 3308 271 3360 dei
289 3324 386 3362 revera
406 3312 502 3378 cupide
521 3313 723 3364 accelerabant:
755 3321 781 3363 ct
798 3327 847 3379 per
866 3320 920 3365 tres
946 3312 1003 3363 dics
1022 3313 1082 3363 sine
1100 3327 1167 3378 rege
1185 3310 1329 3364 servabant
1406 3305 1407 3310 ’

226 3379 319 3431 urbem
339 3387 366 3430 et
383 3381 553 3448 incolumem,
574 3393 601 3434 et
619 3383 671 3434 hoc
697 3399 784 3450 paene
804 3382 1011 3449 pronuntiabant
1029 3383 1140 3446 crebro,
1161 3383 1232 3448 quod
1252 3384 1328 3433 etiarn

226 3467 285 3503 meo
305 3460 426 3519 tempore
446 3453 546 3507 Christi
564 3455 615 3507 lilii
634 3471 693 3506 curn
711 3455 790 3507 ramis
817 3454 1002 3505 celebrabant:
1024 3453 1170 3519 „salutatus
1190 3453 1329 3520 quiverit

226 3525 334 3575 nomine
351 3523 451 3574 domini
474 3541 523 3578 rex
542 3527 709 3599 piissimusJ:
736 3526 763 3577 id
791 3526 861 3593 quod
882 3527 960 3576 etiarn
985 3527 1098 3577 maxime
1116 3526 1327 3591 inexspectatum

226 3596 361 3648 universis
386 3597 598 3664 cognoscebatur
615 3611 704 3664 neque
725 3597 847 3664 cuiquam
872 3599 987 3648 omnium
1006 3599 1033 3648 in
1052 3597 1173 3648 notitiam
1191 3597 1268 3647 venit
1286 3601 1327 3646 aut

226 3666 340 3720 historia
362 3668 485 3734 tradidit,
516 3669 606 3721 orbam
637 3669 728 3719 urbem
755 3683 904 3735 quenquam
926 3670 1038 3734 imperio
1068 3667 1194 3720 babuisse
1220 3667 1326 3734 dignun
1406 3711 1407 3730 ,

226 3740 279 3791 nisi
308 3740 463 3792 venientem
491 3742 657 3792 extrinsecus
692 3747 719 3789 et
746 3735 934 3805 procedentem
961 3755 1019 3789 cum
1043 3739 1120 3806 regio
1153 3738 1325 3792 confidentia:
1406 3755 1407 3760 ¹

228 3825 310 3876 quare
330 3813 409 3863 etiam
428 3810 523 3864 classis
545 3813 629 3863 omnis
647 3826 733 3878 usque
756 3810 788 3861 ad
807 3809 963 3865 Praenetum
992 3810 1084 3861 ordine
1102 3811 1235 3877 navigans
1255 3807 1326 3860 salu·
1406 3849 1407 3856 ,

226 3881 373 3935 tutioribus
394 3883 465 3933 bunc
484 3883 647 3934 coelestibus
667 3880 780 3932 tollebat
799 3880 918 3932 etmulti
938 3881 1012 3932 cives
1030 3881 1230 3948 magistratibus
1251 3893 1326 3946 prae-
1406 3909 1407 3916 ι

227 3951 286 4014 diti,
305 3956 351 4018 qui
371 3954 479 4021 longius
505 3953 579 4005 abire
601 3968 655 4004 non
674 3951 822 4016 solebant,
836 3959 1026 4018 procurrentes
1046 3967 1130 4020 usque
1155 3953 1188 4002 ad
1205 3950 1327 4003 llicseam

228 4023 333 4088 pedites
353 4026 413 4090 regi
431 4027 552 4076 nuntium
571 4025 670 4076 bonum
694 4023 780 4074 calide
806 4039 864 4074 cum
883 4023 966 4074 multo
992 4023 1089 4074 sudore
1114 4022 1326 4088 pronuntiabant,

228 4091 332 4144 nullum
351 4101 450 4144 motum
474 4095 616 4148 'lurcorum
643 4095 730 4145 animo
757 4095 958 4161 concipientes,
984 4095 1029 4161 qui
1056 4095 1227 4146 interiectum
1243 4093 1327 4145 locum

229 4165 361 4236 gregatim
374 4166 574 4233 percursabant.
612 4165 738 4219 Praeneti
753 4175 841 4219 autern
854 4167 997 4236 quiescens
1015 4180 1064 4218 rex
1074 4169 1148 4236 (nam
1164 4165 1327 4219 occidentem
