<?xml version="1.0" encoding="UTF-8"?>
<!DOCTYPE html PUBLIC "-//W3C//DTD XHTML 1.0 Transitional//EN"
    "http://www.w3.org/TR/xhtml1/DTD/xhtml1-transitional.dtd">
<html xmlns="http://www.w3.org/1999/xhtml" xml:lang="en" lang="en">
 <head>
  <title>
</title>
<meta http-equiv="Content-Type" content="text/html;charset=utf-8" />
  <meta name='ocr-system' content='tesseract 3.04.00' />
  <meta name='ocr-capabilities' content='ocr_page ocr_carea ocr_par ocr_line ocrx_word'/>
</head>
<body>
  <div class='ocr_page' id='page_1' title='image "./corpusscriptoru24theogoog/corpusscriptoru24theogoog_0173.png"; bbox 0 0 2834 4750; ppageno 0'>
   <div class='ocr_carea' id='block_1_1' title="bbox 470 234 1246 370">
    <p class='ocr_par' dir='ltr' id='par_1_1' title="bbox 470 234 1246 370">
     <span class='ocr_line' id='line_1_1' title="bbox 470 234 1246 370; baseline -0.003 0"><span class='ocrx_word' id='word_1_1' title='bbox 470 301 704 370; x_wconf 70' lang='lat' dir='ltr'><strong>‘armenam</strong></span> <span class='ocrx_word' id='word_1_2' title='bbox 1078 277 1150 369; x_wconf 73' lang='lat' dir='ltr'><strong>{bt</strong></span> <span class='ocrx_word' id='word_1_3' title='bbox 1244 234 1246 238; x_wconf 11' lang='lat' dir='ltr'>V</span> 
     </span>
    </p>
   </div>
   <div class='ocr_carea' id='block_1_2' title="bbox 14 459 1156 753">
    <p class='ocr_par' dir='ltr' id='par_1_2' title="bbox 14 459 1156 753">
     <span class='ocr_line' id='line_1_2' title="bbox 14 459 1155 556; baseline -0.005 -24"><span class='ocrx_word' id='word_1_4' title='bbox 14 469 199 532; x_wconf 75' lang='grc' dir='ltr'><em>ἐντεῦθεν</em></span> <span class='ocrx_word' id='word_1_5' title='bbox 226 465 267 529; x_wconf 83' lang='grc' dir='ltr'><em>τό</em></span> <span class='ocrx_word' id='word_1_6' title='bbox 299 468 460 550; x_wconf 77' lang='grc' dir='ltr'><strong>προσάντη</strong></span> <span class='ocrx_word' id='word_1_7' title='bbox 498 468 553 530; x_wconf 82' lang='grc' dir='ltr'><em>καί</em></span> <span class='ocrx_word' id='word_1_8' title='bbox 586 465 726 549; x_wconf 75' lang='grc' dir='ltr'><strong><em>δυσχερῆ</em></strong></span> <span class='ocrx_word' id='word_1_9' title='bbox 757 467 795 552; x_wconf 75' lang='grc' dir='ltr'><em>τῇ</em></span> <span class='ocrx_word' id='word_1_10' title='bbox 815 459 983 545; x_wconf 85' lang='grc' dir='ltr'><em>Ῥωμαίων</em></span> <span class='ocrx_word' id='word_1_11' title='bbox 1008 465 1155 556; x_wconf 77' lang='grc' dir='ltr'><em>βασιλείρ</em></span> 
     </span>
     <span class='ocr_line' id='line_1_3' title="bbox 18 571 880 652; baseline -0.007 -19"><span class='ocrx_word' id='word_1_12' title='bbox 18 571 254 652; x_wconf 73' lang='grc' dir='ltr'><em>συνήντησεν.</em></span> <span class='ocrx_word' id='word_1_13' title='bbox 303 623 307 629; x_wconf 94' lang='grc'><em>.</em></span> <span class='ocrx_word' id='word_1_14' title='bbox 872 630 880 642; x_wconf 53' lang='grc'>,</span> 
     </span>
     <span class='ocr_line' id='line_1_4' title="bbox 148 660 1156 753; baseline 0 -23"><span class='ocrx_word' id='word_1_15' title='bbox 148 663 255 745; x_wconf 62' lang='lat' dir='ltr'><strong>&#39;mado</strong></span> <span class='ocrx_word' id='word_1_16' title='bbox 279 660 336 730; x_wconf 81' lang='grc' dir='ltr'><em>σύν</em></span> <span class='ocrx_word' id='word_1_17' title='bbox 358 667 375 733; x_wconf 85' lang='grc' dir='ltr'><em>ό</em></span> <span class='ocrx_word' id='word_1_18' title='bbox 398 668 652 753; x_wconf 79' lang='grc' dir='ltr'><em>προβεβλημένος</em></span> <span class='ocrx_word' id='word_1_19' title='bbox 681 669 727 742; x_wconf 85' lang='grc' dir='ltr'><em>εἷς</em></span> <span class='ocrx_word' id='word_1_20' title='bbox 746 667 860 746; x_wconf 84' lang='grc' dir='ltr'><em>τούτο,</em></span> <span class='ocrx_word' id='word_1_21' title='bbox 890 665 921 728; x_wconf 83' lang='grc' dir='ltr'><em>εἰ</em></span> <span class='ocrx_word' id='word_1_22' title='bbox 936 666 991 729; x_wconf 84' lang='grc' dir='ltr'><em>καί</em></span> <span class='ocrx_word' id='word_1_23' title='bbox 1013 668 1080 740; x_wconf 80' lang='grc' dir='ltr'><em>νέος</em></span> <span class='ocrx_word' id='word_1_24' title='bbox 1100 663 1156 749; x_wconf 80' lang='grc' dir='ltr'><strong>τὴκ</strong></span> 
     </span>
    </p>
   </div>
   <div class='ocr_carea' id='block_1_3' title="bbox 24 761 1279 852">
    <p class='ocr_par' dir='ltr' id='par_1_3' title="bbox 24 761 1279 852">
     <span class='ocr_line' id='line_1_5' title="bbox 24 761 1279 852; baseline -0.003 -20"><span class='ocrx_word' id='word_1_25' title='bbox 24 767 181 851; x_wconf 75' lang='grc' dir='ltr'><em>ἠλικίαν</em></span> <span class='ocrx_word' id='word_1_26' title='bbox 203 767 383 850; x_wconf 74' lang='grc' dir='ltr'><em>ἐτύγχανεν,</em></span> <span class='ocrx_word' id='word_1_27' title='bbox 408 761 489 832; x_wconf 72' lang='lat' dir='ltr'><strong>dara</strong></span> <span class='ocrx_word' id='word_1_28' title='bbox 510 789 544 852; x_wconf 75' lang='grc' dir='ltr'><em>γε</em></span> <span class='ocrx_word' id='word_1_29' title='bbox 575 768 812 850; x_wconf 78' lang='grc' dir='ltr'><strong>πεπλανημένον</strong></span> <span class='ocrx_word' id='word_1_30' title='bbox 830 766 924 828; x_wconf 78' lang='grc' dir='ltr'><em>ου’δδν</em></span> <span class='ocrx_word' id='word_1_31' title='bbox 945 764 1014 826; x_wconf 87' lang='grc' dir='ltr'><em>ου’δ’</em></span> <span class='ocrx_word' id='word_1_32' title='bbox 1036 765 1156 846; x_wconf 75' lang='grc' dir='ltr'><em>α’παχὲς</em></span> <span class='ocrx_word' id='word_1_33' title='bbox 1187 783 1189 786; x_wconf 73' lang='grc'>’</span> <span class='ocrx_word' id='word_1_34' title='bbox 1276 783 1279 788; x_wconf 88' lang='grc'><strong><em>·</em></strong></span> 
     </span>
    </p>
   </div>
   <div class='ocr_carea' id='block_1_4' title="bbox 7 863 1208 2762">
    <p class='ocr_par' dir='ltr' id='par_1_4' title="bbox 7 863 1208 2762">
     <span class='ocr_line' id='line_1_6' title="bbox 7 863 1157 954; baseline -0.007 -20"><span class='ocrx_word' id='word_1_35' title='bbox 7 870 103 934; x_wconf 32' lang='grc' dir='ltr'><em>ικαὶ</em></span> <span class='ocrx_word' id='word_1_36' title='bbox 124 870 336 951; x_wconf 75' lang='grc' dir='ltr'><em>μειρακιῶδες</em></span> <span class='ocrx_word' id='word_1_37' title='bbox 361 865 496 953; x_wconf 71' lang='grc' dir='ltr'><em>ἐνεργῶν</em></span> <span class='ocrx_word' id='word_1_38' title='bbox 527 872 742 954; x_wconf 82' lang='grc' dir='ltr'><em>κατεφαίνετο.</em></span> <span class='ocrx_word' id='word_1_39' title='bbox 792 863 891 929; x_wconf 90' lang='grc' dir='ltr'><em>πολύν</em></span> <span class='ocrx_word' id='word_1_40' title='bbox 916 867 951 930; x_wconf 81' lang='grc' dir='ltr'><strong>δέ</strong></span> <span class='ocrx_word' id='word_1_41' title='bbox 971 864 1062 945; x_wconf 75' lang='grc' dir='ltr'><em>λόγον</em></span> <span class='ocrx_word' id='word_1_42' title='bbox 1083 886 1157 927; x_wconf 90' lang='grc' dir='ltr'><em>ποι-</em></span> 
     </span>
     <span class='ocr_line' id='line_1_7' title="bbox 27 961 1158 1052; baseline -0.004 -19"><span class='ocrx_word' id='word_1_43' title='bbox 27 963 185 1049; x_wconf 87' lang='grc' dir='ltr'><em>ούμενος</em></span> <span class='ocrx_word' id='word_1_44' title='bbox 219 970 280 1032; x_wconf 76' lang='grc' dir='ltr'><strong>τῶν</strong></span> <span class='ocrx_word' id='word_1_45' title='bbox 309 964 439 1035; x_wconf 79' lang='grc' dir='ltr'><em>εἰκότων</em></span> <span class='ocrx_word' id='word_1_46' title='bbox 472 968 530 1044; x_wconf 88' lang='grc' dir='ltr'><em>τός</em></span> <span class='ocrx_word' id='word_1_47' title='bbox 558 991 590 1034; x_wconf 88' lang='grc' dir='ltr'><strong>τε</strong></span> <span class='ocrx_word' id='word_1_48' title='bbox 621 965 772 1050; x_wconf 86' lang='grc' dir='ltr'><em>δυνύμεις</em></span> <span class='ocrx_word' id='word_1_49' title='bbox 803 966 1008 1048; x_wconf 77' lang='grc' dir='ltr'><em>συνηθροίκει</em></span> <span class='ocrx_word' id='word_1_50' title='bbox 1035 961 1090 1027; x_wconf 74' lang='grc' dir='ltr'><em>κατ’</em></span> <span class='ocrx_word' id='word_1_51' title='bbox 1119 966 1158 1052; x_wconf 65' lang='lat' dir='ltr'><strong>a?</strong></span> 
     </span>
     <span class='ocr_line' id='line_1_8' title="bbox 28 1061 1156 1154; baseline -0.005 -21"><span class='ocrx_word' id='word_1_52' title='bbox 28 1071 251 1151; x_wconf 83' lang='grc' dir='ltr'><em>Καισαρέων</em></span> <span class='ocrx_word' id='word_1_53' title='bbox 274 1073 480 1152; x_wconf 85' lang='grc' dir='ltr'><em>πασίρρωμσς</em></span> <span class='ocrx_word' id='word_1_54' title='bbox 502 1067 718 1154; x_wconf 83' lang='grc' dir='ltr'><em>έπεφοίτησεν,</em></span> <span class='ocrx_word' id='word_1_55' title='bbox 742 1069 783 1131; x_wconf 91' lang='grc' dir='ltr'><strong>ού</strong></span> <span class='ocrx_word' id='word_1_56' title='bbox 796 1063 893 1149; x_wconf 88' lang='grc' dir='ltr'><em>μόνον</em></span> <span class='ocrx_word' id='word_1_57' title='bbox 916 1061 956 1129; x_wconf 84' lang='grc' dir='ltr'><em>τό</em></span> <span class='ocrx_word' id='word_1_58' title='bbox 977 1067 1034 1145; x_wconf 80' lang='grc' dir='ltr'><em>τοῦ</em></span> <span class='ocrx_word' id='word_1_59' title='bbox 1053 1087 1156 1146; x_wconf 87' lang='grc' dir='ltr'><em>στρα-</em></span> 
     </span>
     <span class='ocr_line' id='line_1_9' title="bbox 30 1165 1158 1255; baseline -0.005 -21"><span class='ocrx_word' id='word_1_60' title='bbox 30 1172 106 1234; x_wconf 83' lang='grc' dir='ltr'><em>τοῦ</em></span> <span class='ocrx_word' id='word_1_61' title='bbox 129 1169 308 1248; x_wconf 75' lang='grc' dir='ltr'><em>καθιστῶν,</em></span> <span class='ocrx_word' id='word_1_62' title='bbox 341 1167 419 1232; x_wconf 78' lang='grc' dir='ltr'><em>α’λλό</em></span> <span class='ocrx_word' id='word_1_63' title='bbox 451 1173 507 1234; x_wconf 83' lang='grc' dir='ltr'><em>καί</em></span> <span class='ocrx_word' id='word_1_64' title='bbox 526 1172 580 1255; x_wconf 82' lang='grc' dir='ltr'><em>τῆς</em></span> <span class='ocrx_word' id='word_1_65' title='bbox 609 1169 761 1250; x_wconf 85' lang='grc' dir='ltr'><em>ιύνομίας</em></span> <span class='ocrx_word' id='word_1_66' title='bbox 788 1165 1008 1253; x_wconf 79' lang='grc' dir='ltr'><em>προσηκόντως</em></span> <span class='ocrx_word' id='word_1_67' title='bbox 1029 1166 1158 1250; x_wconf 81' lang='grc' dir='ltr'><em>φροντί-</em></span> 
     </span>
     <span class='ocr_line' id='line_1_10' title="bbox 32 1267 1159 1352; baseline -0.004 -20"><span class='ocrx_word' id='word_1_68' title='bbox 32 1273 129 1349; x_wconf 85' lang='grc' dir='ltr'><strong>ζων,Ι</strong></span> <span class='ocrx_word' id='word_1_69' title='bbox 151 1270 207 1330; x_wconf 84' lang='grc' dir='ltr'><strong><em>καί</em></strong></span> <span class='ocrx_word' id='word_1_70' title='bbox 224 1269 298 1343; x_wconf 90' lang='grc' dir='ltr'><em>τούς</em></span> <span class='ocrx_word' id='word_1_71' title='bbox 321 1267 508 1344; x_wconf 82' lang='grc' dir='ltr'><em>οἷδικούντας</em></span> <span class='ocrx_word' id='word_1_72' title='bbox 528 1271 589 1334; x_wconf 81' lang='grc' dir='ltr'><em>τεόν</em></span> <span class='ocrx_word' id='word_1_73' title='bbox 619 1272 824 1352; x_wconf 78' lang='grc' dir='ltr'><em>στρατιωτῶν</em></span> <span class='ocrx_word' id='word_1_74' title='bbox 847 1269 960 1332; x_wconf 74' lang='grc' dir='ltr'><em>ἐκτίσει</em></span> <span class='ocrx_word' id='word_1_75' title='bbox 993 1268 1048 1330; x_wconf 79' lang='grc' dir='ltr'><em>καί</em></span> <span class='ocrx_word' id='word_1_76' title='bbox 1079 1288 1159 1349; x_wconf 87' lang='grc' dir='ltr'><em>προ-</em></span> 
     </span>
     <span class='ocr_line' id='line_1_11' title="bbox 7 1368 1159 1451; baseline -0.004 -16"><span class='ocrx_word' id='word_1_77' title='bbox 7 1373 180 1449; x_wconf 76' lang='grc' dir='ltr'><em>[ιστίμσις</em></span> <span class='ocrx_word' id='word_1_78' title='bbox 199 1371 255 1451; x_wconf 83' lang='grc' dir='ltr'><em>τῆς</em></span> <span class='ocrx_word' id='word_1_79' title='bbox 283 1371 482 1444; x_wconf 69' lang='grc' dir='ltr'><em>ἀτασθαλίας</em></span> <span class='ocrx_word' id='word_1_80' title='bbox 515 1369 781 1450; x_wconf 78' lang='grc' dir='ltr'><em>καθυποβόλλων.</em></span> <span class='ocrx_word' id='word_1_81' title='bbox 833 1371 982 1449; x_wconf 84' lang='grc' dir='ltr'><em>πολέμοις</em></span> <span class='ocrx_word' id='word_1_82' title='bbox 1013 1368 1050 1432; x_wconf 82' lang='grc' dir='ltr'><strong>δέ</strong></span> <span class='ocrx_word' id='word_1_83' title='bbox 1077 1389 1159 1431; x_wconf 82' lang='grc' dir='ltr'><em>τισιν</em></span> 
     </span>
     <span class='ocr_line' id='line_1_12' title="bbox 36 1466 1157 1556; baseline -0.004 -22"><span class='ocrx_word' id='word_1_84' title='bbox 36 1467 199 1551; x_wconf 75' lang='grc' dir='ltr'><em>ἐντυχών</em></span> <span class='ocrx_word' id='word_1_85' title='bbox 229 1471 352 1552; x_wconf 80' lang='grc' dir='ltr'><em>ηικητης</em></span> <span class='ocrx_word' id='word_1_86' title='bbox 385 1471 592 1556; x_wconf 83' lang='grc' dir='ltr'><em>α’ναπέφηνε,</em></span> <span class='ocrx_word' id='word_1_87' title='bbox 621 1469 674 1533; x_wconf 81' lang='grc' dir='ltr'><em>καί</em></span> <span class='ocrx_word' id='word_1_88' title='bbox 700 1467 758 1552; x_wconf 80' lang='grc' dir='ltr'><em>τη“ν</em></span> <span class='ocrx_word' id='word_1_89' title='bbox 778 1471 853 1552; x_wconf 77' lang='grc' dir='ltr'><em>περὶ</em></span> <span class='ocrx_word' id='word_1_90' title='bbox 883 1467 987 1532; x_wconf 79' lang='grc' dir='ltr'><em>αύτοό</em></span> <span class='ocrx_word' id='word_1_91' title='bbox 1009 1466 1157 1548; x_wconf 77' lang='grc' dir='ltr'><em>εύδοξίαν</em></span> 
     </span>
     <span class='ocr_line' id='line_1_13' title="bbox 37 1563 1160 1655; baseline 0.002 -25"><span class='ocrx_word' id='word_1_92' title='bbox 37 1563 116 1652; x_wconf 78' lang='grc' dir='ltr'><em>ἤδη</em></span> <span class='ocrx_word' id='word_1_93' title='bbox 139 1567 307 1633; x_wconf 78' lang='grc' dir='ltr'><em>πλατύνων</em></span> <span class='ocrx_word' id='word_1_94' title='bbox 335 1568 391 1634; x_wconf 82' lang='grc' dir='ltr'><em>καί</em></span> <span class='ocrx_word' id='word_1_95' title='bbox 417 1569 604 1653; x_wconf 74' lang='grc' dir='ltr'><em>μεγαλύνειν</em></span> <span class='ocrx_word' id='word_1_96' title='bbox 641 1572 848 1655; x_wconf 79' lang='grc' dir='ltr'><em>διηγωνίζετο.</em></span> <span class='ocrx_word' id='word_1_97' title='bbox 904 1568 973 1632; x_wconf 71' lang='grc' dir='ltr'><em>ἄλλ’</em></span> <span class='ocrx_word' id='word_1_98' title='bbox 995 1565 1014 1630; x_wconf 86' lang='grc' dir='ltr'><em>ό</em></span> <span class='ocrx_word' id='word_1_99' title='bbox 1034 1569 1160 1651; x_wconf 70' lang='grc' dir='ltr'><em>κρατῶν</em></span> 
     </span>
     <span class='ocr_line' id='line_1_14' title="bbox 38 1665 1159 1757; baseline -0.004 -23"><span class='ocrx_word' id='word_1_100' title='bbox 38 1667 151 1734; x_wconf 79' lang='grc' dir='ltr'><em>ταυτί</em></span> <span class='ocrx_word' id='word_1_101' title='bbox 180 1667 219 1732; x_wconf 88' lang='grc' dir='ltr'><em>τοὶ</em></span> <span class='ocrx_word' id='word_1_102' title='bbox 260 1670 487 1754; x_wconf 77' lang='grc' dir='ltr'><em>προτερήματα</em></span> <span class='ocrx_word' id='word_1_103' title='bbox 523 1667 758 1752; x_wconf 71' lang='grc' dir='ltr'><em>πυνθανόμενος</em></span> <span class='ocrx_word' id='word_1_104' title='bbox 787 1673 942 1751; x_wconf 78' lang='grc' dir='ltr'><em>εύθυμεῖν</em></span> <span class='ocrx_word' id='word_1_105' title='bbox 969 1671 1029 1750; x_wconf 79' lang='grc' dir='ltr'><em>μὲν</em></span> <span class='ocrx_word' id='word_1_106' title='bbox 1056 1665 1159 1757; x_wconf 74' lang='grc' dir='ltr'><em>ἐρύκει,</em></span> 
     </span>
     <span class='ocr_line' id='line_1_15' title="bbox 41 1761 1158 1857; baseline -0.002 -25"><span class='ocrx_word' id='word_1_107' title='bbox 41 1771 269 1849; x_wconf 72' lang='grc' dir='ltr'><em>ἐνθυμεῖσθαι</em></span> <span class='ocrx_word' id='word_1_108' title='bbox 306 1771 393 1834; x_wconf 83' lang='grc' dir='ltr'><em>δέτι</em></span> <span class='ocrx_word' id='word_1_109' title='bbox 423 1768 510 1854; x_wconf 84' lang='grc' dir='ltr'><em>παρό</em></span> <span class='ocrx_word' id='word_1_110' title='bbox 545 1769 602 1857; x_wconf 73' lang='grc' dir='ltr'><strong>τὴν</strong></span> <span class='ocrx_word' id='word_1_111' title='bbox 637 1769 801 1856; x_wconf 78' lang='grc' dir='ltr'><em>ὁρωμένην</em></span> <span class='ocrx_word' id='word_1_112' title='bbox 830 1764 907 1852; x_wconf 74' lang='lat' dir='ltr'><strong>ipo</strong></span> <span class='ocrx_word' id='word_1_113' title='bbox 937 1769 995 1833; x_wconf 89' lang='grc' dir='ltr'><em>ου’κ</em></span> <span class='ocrx_word' id='word_1_114' title='bbox 1021 1761 1090 1851; x_wconf 81' lang='grc' dir='ltr'><em>εἶχέ</em></span> <span class='ocrx_word' id='word_1_115' title='bbox 1111 1791 1158 1844; x_wconf 87' lang='grc' dir='ltr'><strong>τις</strong></span> 
     </span>
     <span class='ocr_line' id='line_1_16' title="bbox 11 1861 1208 1955; baseline -0.002 -26"><span class='ocrx_word' id='word_1_116' title='bbox 11 1868 222 1933; x_wconf 83' lang='grc' dir='ltr'><em>5σῖντειπεῖν.</em></span> <span class='ocrx_word' id='word_1_117' title='bbox 266 1862 351 1950; x_wconf 82' lang='grc' dir='ltr'><em>ὅμως</em></span> <span class='ocrx_word' id='word_1_118' title='bbox 374 1872 404 1934; x_wconf 91' lang='grc' dir='ltr'><strong>δ’</strong></span> <span class='ocrx_word' id='word_1_119' title='bbox 426 1861 492 1951; x_wconf 87' lang='grc' dir='ltr'><em>σύν,</em></span> <span class='ocrx_word' id='word_1_120' title='bbox 515 1873 566 1935; x_wconf 83' lang='grc' dir='ltr'><strong>ἴνα</strong></span> <span class='ocrx_word' id='word_1_121' title='bbox 583 1870 646 1955; x_wconf 75' lang='grc' dir='ltr'><em>,την</em></span> <span class='ocrx_word' id='word_1_122' title='bbox 669 1875 724 1953; x_wconf 82' lang='grc' dir='ltr'><em>τῆς</em></span> <span class='ocrx_word' id='word_1_123' title='bbox 744 1865 949 1952; x_wconf 82' lang='grc' dir='ltr'><em>Ἶεραπύλεως</em></span> <span class='ocrx_word' id='word_1_124' title='bbox 973 1863 1158 1951; x_wconf 89' lang='grc' dir='ltr'><em>πολιορκίαν</em></span> <span class='ocrx_word' id='word_1_125' title='bbox 1204 1944 1208 1953; x_wconf 18' lang='grc' dir='ltr'><strong><em>ἢ</em></strong></span> 
     </span>
     <span class='ocr_line' id='line_1_17' title="bbox 41 1967 1159 2057; baseline -0.003 -24"><span class='ocrx_word' id='word_1_126' title='bbox 41 1968 242 2057; x_wconf 55' lang='grc' dir='ltr'><em>,α’ποσοβηση</em></span> <span class='ocrx_word' id='word_1_127' title='bbox 265 1973 320 2034; x_wconf 85' lang='grc' dir='ltr'><em>καί</em></span> <span class='ocrx_word' id='word_1_128' title='bbox 341 1969 400 2055; x_wconf 81' lang='grc' dir='ltr'><strong>την</strong></span> <span class='ocrx_word' id='word_1_129' title='bbox 417 1974 592 2050; x_wconf 82' lang='grc' dir='ltr'><em>πιέζουσαν</em></span> <span class='ocrx_word' id='word_1_130' title='bbox 613 1968 689 2046; x_wconf 90' lang='grc' dir='ltr'><em>τούς</em></span> <span class='ocrx_word' id='word_1_131' title='bbox 712 1967 802 2034; x_wconf 80' lang='grc' dir='ltr'><em>ἔνδον</em></span> <span class='ocrx_word' id='word_1_132' title='bbox 826 1971 985 2033; x_wconf 81' lang='grc' dir='ltr'><em>σιτοδείαν</em></span> <span class='ocrx_word' id='word_1_133' title='bbox 1004 1989 1159 2049; x_wconf 71' lang='grc' dir='ltr'><em>παραμει-</em></span> 
     </span>
     <span class='ocr_line' id='line_1_18' title="bbox 44 2057 1159 2156; baseline -0.002 -24"><span class='ocrx_word' id='word_1_134' title='bbox 44 2067 205 2152; x_wconf 78' lang='grc' dir='ltr'><em>θησηται,</em></span> <span class='ocrx_word' id='word_1_135' title='bbox 228 2079 345 2153; x_wconf 84' lang='grc' dir='ltr'><em>μοῖραν</em></span> <span class='ocrx_word' id='word_1_136' title='bbox 365 2057 430 2134; x_wconf 86' lang='grc' dir='ltr'><strong>ούκ</strong></span> <span class='ocrx_word' id='word_1_137' title='bbox 446 2071 617 2156; x_wconf 79' lang='grc' dir='ltr'><em>ἐλαχίστην</em></span> <span class='ocrx_word' id='word_1_138' title='bbox 637 2075 696 2137; x_wconf 86' lang='grc' dir='ltr'><em>τού</em></span> <span class='ocrx_word' id='word_1_139' title='bbox 716 2071 934 2154; x_wconf 77' lang='grc' dir='ltr'><em>στρατοπέδου</em></span> <span class='ocrx_word' id='word_1_140' title='bbox 956 2065 1159 2149; x_wconf 71' lang='grc' dir='ltr'><em>ἀποτεμόμε-</em></span> 
     </span>
     <span class='ocr_line' id='line_1_19' title="bbox 46 2166 1159 2255; baseline 0.002 -23"><span class='ocrx_word' id='word_1_141' title='bbox 46 2190 109 2242; x_wconf 90' lang='grc' dir='ltr'><em>νος</em></span> <span class='ocrx_word' id='word_1_142' title='bbox 128 2169 229 2233; x_wconf 82' lang='grc' dir='ltr'><em>έκεῖσε</em></span> <span class='ocrx_word' id='word_1_143' title='bbox 253 2169 332 2233; x_wconf 76' lang='grc' dir='ltr'><em>κατὰ</em></span> <span class='ocrx_word' id='word_1_144' title='bbox 357 2173 477 2255; x_wconf 81' lang='grc' dir='ltr'><em>Συρίαν</em></span> <span class='ocrx_word' id='word_1_145' title='bbox 505 2175 657 2237; x_wconf 74' lang='grc' dir='ltr'><em>α’πελθείν</em></span> <span class='ocrx_word' id='word_1_146' title='bbox 679 2173 870 2252; x_wconf 78' lang='grc' dir='ltr'><em>διωρίσατο,</em></span> <span class='ocrx_word' id='word_1_147' title='bbox 900 2172 955 2235; x_wconf 81' lang='grc' dir='ltr'><em>καί</em></span> <span class='ocrx_word' id='word_1_148' title='bbox 976 2171 1085 2234; x_wconf 80' lang='grc' dir='ltr'><em>τοῦτον</em></span> <span class='ocrx_word' id='word_1_149' title='bbox 1107 2166 1159 2236; x_wconf 86' lang='grc' dir='ltr'><strong>τόν</strong></span> 
     </span>
     <span class='ocr_line' id='line_1_20' title="bbox 46 2267 1157 2355; baseline 0.003 -25"><span class='ocrx_word' id='word_1_150' title='bbox 46 2267 173 2351; x_wconf 86' lang='grc' dir='ltr'><em>τρόπον</em></span> <span class='ocrx_word' id='word_1_151' title='bbox 210 2272 262 2354; x_wconf 75' lang='grc' dir='ltr'><em>τῆς</em></span> <span class='ocrx_word' id='word_1_152' title='bbox 292 2275 326 2334; x_wconf 78' lang='grc' dir='ltr'><strong>ἐκ</strong></span> <span class='ocrx_word' id='word_1_153' title='bbox 353 2271 472 2337; x_wconf 87' lang='grc' dir='ltr'><em>τούτων</em></span> <span class='ocrx_word' id='word_1_154' title='bbox 504 2271 615 2354; x_wconf 79' lang='grc' dir='ltr'><em>ἰσχύος</em></span> <span class='ocrx_word' id='word_1_155' title='bbox 641 2272 697 2338; x_wconf 90' lang='grc' dir='ltr'><strong>τόν</strong></span> <span class='ocrx_word' id='word_1_156' title='bbox 727 2270 901 2355; x_wconf 79' lang='grc' dir='ltr'><em>στρατηγόν</em></span> <span class='ocrx_word' id='word_1_157' title='bbox 930 2271 1157 2354; x_wconf 85' lang='grc' dir='ltr'><em>α’πεστέρησιν.</em></span> 
     </span>
     <span class='ocr_line' id='line_1_21' title="bbox 7 2368 1160 2457; baseline -0.003 -20"><span class='ocrx_word' id='word_1_158' title='bbox 7 2368 103 2445; x_wconf 76' lang='grc' dir='ltr'><em>λθείς</em></span> <span class='ocrx_word' id='word_1_159' title='bbox 125 2369 366 2450; x_wconf 61' lang='lat' dir='ltr'><strong>demptorem</strong></span> <span class='ocrx_word' id='word_1_160' title='bbox 380 2376 639 2457; x_wconf 80' lang='grc' dir='ltr'><em>παραγενομένου</em></span> <span class='ocrx_word' id='word_1_161' title='bbox 651 2371 765 2438; x_wconf 90' lang='grc' dir='ltr'><em>τούτου</em></span> <span class='ocrx_word' id='word_1_162' title='bbox 784 2370 864 2454; x_wconf 79' lang='grc' dir='ltr'><em>μετὰ</em></span> <span class='ocrx_word' id='word_1_163' title='bbox 885 2375 946 2437; x_wconf 85' lang='grc' dir='ltr'><em>τεόν</em></span> <span class='ocrx_word' id='word_1_164' title='bbox 968 2370 1160 2452; x_wconf 74' lang='grc' dir='ltr'><em>ὑπολελειμ-</em></span> 
     </span>
     <span class='ocr_line' id='line_1_22' title="bbox 49 2468 1161 2559; baseline 0.004 -26"><span class='ocrx_word' id='word_1_165' title='bbox 49 2473 160 2553; x_wconf 80' lang='grc' dir='ltr'><em>μένων</em></span> <span class='ocrx_word' id='word_1_166' title='bbox 176 2470 353 2553; x_wconf 78' lang='grc' dir='ltr'><em>δυνάμεων,</em></span> <span class='ocrx_word' id='word_1_167' title='bbox 376 2476 431 2538; x_wconf 82' lang='grc' dir='ltr'><em>καί</em></span> <span class='ocrx_word' id='word_1_168' title='bbox 444 2478 518 2558; x_wconf 78' lang='grc' dir='ltr'><em>περὶ</em></span> <span class='ocrx_word' id='word_1_169' title='bbox 536 2473 572 2540; x_wconf 85' lang='grc' dir='ltr'><em>τό</em></span> <span class='ocrx_word' id='word_1_170' title='bbox 592 2468 672 2541; x_wconf 77' lang='grc' dir='ltr'><em>ἄστυ</em></span> <span class='ocrx_word' id='word_1_171' title='bbox 684 2473 1025 2559; x_wconf 83' lang='grc' dir='ltr'><em>στρατοπεδεύσαντος,</em></span> <span class='ocrx_word' id='word_1_172' title='bbox 1039 2474 1161 2557; x_wconf 73' lang='grc' dir='ltr'><em>ἐπῆλθέ</em></span> 
     </span>
     <span class='ocr_line' id='line_1_23' title="bbox 52 2569 1161 2665; baseline 0.005 -33"><span class='ocrx_word' id='word_1_173' title='bbox 52 2592 106 2644; x_wconf 85' lang='grc' dir='ltr'><strong>τις</strong></span> <span class='ocrx_word' id='word_1_174' title='bbox 134 2569 259 2656; x_wconf 80' lang='grc' dir='ltr'><em>πληθύς</em></span> <span class='ocrx_word' id='word_1_175' title='bbox 296 2572 431 2659; x_wconf 77' lang='grc' dir='ltr'><em>Ούννικη</em></span> <span class='ocrx_word' id='word_1_176' title='bbox 465 2573 601 2658; x_wconf 90' lang='grc' dir='ltr'><em>πόλεμον</em></span> <span class='ocrx_word' id='word_1_177' title='bbox 630 2576 732 2665; x_wconf 78' lang='grc' dir='ltr'><em>τούτῳ</em></span> <span class='ocrx_word' id='word_1_178' title='bbox 763 2577 819 2639; x_wconf 83' lang='grc' dir='ltr'><em>καί</em></span> <span class='ocrx_word' id='word_1_179' title='bbox 849 2574 956 2659; x_wconf 83' lang='grc' dir='ltr'><em>μάχην</em></span> <span class='ocrx_word' id='word_1_180' title='bbox 989 2574 1161 2658; x_wconf 82' lang='grc' dir='ltr'><em>α’ναρριπί-</em></span> 
     </span>
     <span class='ocr_line' id='line_1_24' title="bbox 54 2671 1160 2762; baseline 0.007 -29"><span class='ocrx_word' id='word_1_181' title='bbox 54 2671 170 2747; x_wconf 84' lang='grc' dir='ltr'><em>ζουσα.</em></span> <span class='ocrx_word' id='word_1_182' title='bbox 226 2671 359 2751; x_wconf 78' lang='grc' dir='ltr'><em>ἐξιόντος</em></span> <span class='ocrx_word' id='word_1_183' title='bbox 387 2676 416 2741; x_wconf 87' lang='grc' dir='ltr'><strong>δ’</strong></span> <span class='ocrx_word' id='word_1_184' title='bbox 439 2678 550 2761; x_wconf 65' lang='grc' dir='ltr'><strong>ιαύτού</strong></span> <span class='ocrx_word' id='word_1_185' title='bbox 576 2681 709 2762; x_wconf 83' lang='grc' dir='ltr'><em>συνέστη</em></span> <span class='ocrx_word' id='word_1_186' title='bbox 745 2680 803 2759; x_wconf 83' lang='grc' dir='ltr'><em>μὲν</em></span> <span class='ocrx_word' id='word_1_187' title='bbox 831 2673 967 2762; x_wconf 87' lang='grc' dir='ltr'><em>καρτερύ</em></span> <span class='ocrx_word' id='word_1_188' title='bbox 1006 2674 1160 2762; x_wconf 83' lang='grc' dir='ltr'><em>διαμύχη,</em></span> 
     </span>
    </p>
   </div>
   <div class='ocr_carea' id='block_1_5' title="bbox 59 2960 1159 3119">
    <p class='ocr_par' dir='ltr' id='par_1_5' title="bbox 59 2960 1159 3119">
     <span class='ocr_line' id='line_1_25' title="bbox 60 2960 1159 3032; baseline 0.005 -19"><span class='ocrx_word' id='word_1_189' title='bbox 60 2960 112 3013; x_wconf 85' lang='lat' dir='ltr'><strong>lati</strong></span> <span class='ocrx_word' id='word_1_190' title='bbox 131 2960 266 3015; x_wconf 83' lang='lat' dir='ltr'><strong>honorans</strong></span> <span class='ocrx_word' id='word_1_191' title='bbox 286 2962 425 3031; x_wconf 83' lang='lat' dir='ltr'><strong>dignitate,</strong></span> <span class='ocrx_word' id='word_1_192' title='bbox 445 2966 631 3032; x_wconf 67' lang='lat' dir='ltr'><strong>imperatorem</strong></span> <span class='ocrx_word' id='word_1_193' title='bbox 649 2966 716 3018; x_wconf 90' lang='lat' dir='ltr'><strong>belli</strong></span> <span class='ocrx_word' id='word_1_194' title='bbox 736 2972 764 3017; x_wconf 87' lang='lat' dir='ltr'><strong>et</strong></span> <span class='ocrx_word' id='word_1_195' title='bbox 787 2965 881 3017; x_wconf 81' lang='lat' dir='ltr'><strong>ducena</strong></span> <span class='ocrx_word' id='word_1_196' title='bbox 906 2963 1040 3017; x_wconf 83' lang='lat' dir='ltr'><strong>exereitus</strong></span> <span class='ocrx_word' id='word_1_197' title='bbox 1064 2963 1159 3019; x_wconf 74' lang='lat' dir='ltr'><strong>reddit.</strong></span> 
     </span>
     <span class='ocr_line' id='line_1_26' title="bbox 59 3033 1108 3119; baseline 0.002 -36"><span class='ocrx_word' id='word_1_198' title='bbox 59 3033 125 3085; x_wconf 88' lang='lat' dir='ltr'><strong>iude</strong></span> <span class='ocrx_word' id='word_1_199' title='bbox 140 3040 228 3119; x_wconf 81' lang='lat' dir='ltr'><strong>antem</strong></span> <span class='ocrx_word' id='word_1_200' title='bbox 246 3048 290 3085; x_wconf 89' lang='lat' dir='ltr'><strong>rea</strong></span> <span class='ocrx_word' id='word_1_201' title='bbox 309 3035 439 3090; x_wconf 85' lang='lat' dir='ltr'><strong>adversae</strong></span> <span class='ocrx_word' id='word_1_202' title='bbox 459 3045 486 3088; x_wconf 91' lang='lat' dir='ltr'><strong>et</strong></span> <span class='ocrx_word' id='word_1_203' title='bbox 504 3037 629 3091; x_wconf 81' lang='lat' dir='ltr'><strong>difficiles</strong></span> <span class='ocrx_word' id='word_1_204' title='bbox 648 3037 808 3090; x_wconf 85' lang='lat' dir='ltr'><strong>Graecorum</strong></span> <span class='ocrx_word' id='word_1_205' title='bbox 836 3050 920 3104; x_wconf 74' lang='lat' dir='ltr'><strong>regno</strong></span> <span class='ocrx_word' id='word_1_206' title='bbox 945 3036 1108 3087; x_wconf 83' lang='lat' dir='ltr'><strong>aeciderunt.</strong></span> 
     </span>
    </p>
   </div>
   <div class='ocr_carea' id='block_1_6' title="bbox 61 3130 1172 4271">
    <p class='ocr_par' dir='ltr' id='par_1_6' title="bbox 61 3130 1172 4271">
     <span class='ocr_line' id='line_1_27' title="bbox 163 3130 1162 3199; baseline -0.001 -18"><span class='ocrx_word' id='word_1_207' title='bbox 163 3130 312 3197; x_wconf 77' lang='lat' dir='ltr'><strong>Egrediens</strong></span> <span class='ocrx_word' id='word_1_208' title='bbox 332 3132 413 3199; x_wconf 83' lang='lat' dir='ltr'><strong>igitur</strong></span> <span class='ocrx_word' id='word_1_209' title='bbox 432 3141 536 3186; x_wconf 85' lang='lat' dir='ltr'><strong>creatus</strong></span> <span class='ocrx_word' id='word_1_210' title='bbox 555 3136 587 3185; x_wconf 90' lang='lat' dir='ltr'><strong>ad</strong></span> <span class='ocrx_word' id='word_1_211' title='bbox 606 3134 668 3196; x_wconf 87' lang='lat' dir='ltr'><strong>hoe,</strong></span> <span class='ocrx_word' id='word_1_212' title='bbox 687 3130 753 3184; x_wconf 88' lang='lat' dir='ltr'><strong>lieet</strong></span> <span class='ocrx_word' id='word_1_213' title='bbox 771 3132 899 3183; x_wconf 85' lang='lat' dir='ltr'><strong>iuvenilis</strong></span> <span class='ocrx_word' id='word_1_214' title='bbox 919 3137 991 3183; x_wconf 83' lang='lat' dir='ltr'><strong>esset</strong></span> <span class='ocrx_word' id='word_1_215' title='bbox 1009 3138 1115 3194; x_wconf 84' lang='lat' dir='ltr'><strong>aetate,</strong></span> <span class='ocrx_word' id='word_1_216' title='bbox 1135 3138 1162 3181; x_wconf 91' lang='lat' dir='ltr'><strong>at</strong></span> 
     </span>
     <span class='ocr_line' id='line_1_28' title="bbox 62 3200 1160 3272; baseline 0.002 -23"><span class='ocrx_word' id='word_1_217' title='bbox 62 3208 137 3251; x_wconf 84' lang='lat' dir='ltr'><strong>certe</strong></span> <span class='ocrx_word' id='word_1_218' title='bbox 155 3202 251 3251; x_wconf 85' lang='lat' dir='ltr'><strong>incerti</strong></span> <span class='ocrx_word' id='word_1_219' title='bbox 269 3200 337 3253; x_wconf 91' lang='lat' dir='ltr'><strong>nihil</strong></span> <span class='ocrx_word' id='word_1_220' title='bbox 355 3218 443 3272; x_wconf 91' lang='lat' dir='ltr'><strong>neque</strong></span> <span class='ocrx_word' id='word_1_221' title='bbox 462 3206 558 3257; x_wconf 87' lang='lat' dir='ltr'><strong>infirmi</strong></span> <span class='ocrx_word' id='word_1_222' title='bbox 578 3214 605 3257; x_wconf 82' lang='lat' dir='ltr'><strong>et</strong></span> <span class='ocrx_word' id='word_1_223' title='bbox 623 3204 743 3257; x_wconf 81' lang='lat' dir='ltr'><strong>iuvenile</strong></span> <span class='ocrx_word' id='word_1_224' title='bbox 754 3218 836 3272; x_wconf 83' lang='lat' dir='ltr'><strong>agens</strong></span> <span class='ocrx_word' id='word_1_225' title='bbox 849 3200 1160 3269; x_wconf 75' lang='lat' dir='ltr'><strong>conspiciebaturzmul-</strong></span> 
     </span>
     <span class='ocr_line' id='line_1_29' title="bbox 61 3274 1162 3339; baseline 0 -18"><span class='ocrx_word' id='word_1_226' title='bbox 61 3278 116 3322; x_wconf 88' lang='lat' dir='ltr'><strong>tam</strong></span> <span class='ocrx_word' id='word_1_227' title='bbox 135 3279 221 3322; x_wconf 86' lang='lat' dir='ltr'><strong>autem</strong></span> <span class='ocrx_word' id='word_1_228' title='bbox 245 3274 374 3325; x_wconf 87' lang='lat' dir='ltr'><strong>rationem</strong></span> <span class='ocrx_word' id='word_1_229' title='bbox 403 3276 503 3329; x_wconf 87' lang='lat' dir='ltr'><strong>babens</strong></span> <span class='ocrx_word' id='word_1_230' title='bbox 531 3276 743 3329; x_wconf 87' lang='lat' dir='ltr'><strong>necessariorum</strong></span> <span class='ocrx_word' id='word_1_231' title='bbox 769 3283 796 3325; x_wconf 90' lang='lat' dir='ltr'><strong>et</strong></span> <span class='ocrx_word' id='word_1_232' title='bbox 821 3274 954 3326; x_wconf 85' lang='lat' dir='ltr'><strong>exercitus</strong></span> <span class='ocrx_word' id='word_1_233' title='bbox 983 3280 1109 3339; x_wconf 80' lang='lat' dir='ltr'>coegerat</span> <span class='ocrx_word' id='word_1_234' title='bbox 1135 3279 1162 3322; x_wconf 89' lang='lat' dir='ltr'><strong>et</strong></span> 
     </span>
     <span class='ocr_line' id='line_1_30' title="bbox 62 3342 1161 3425; baseline -0.004 -30"><span class='ocrx_word' id='word_1_235' title='bbox 62 3342 212 3395; x_wconf 75' lang='lat' dir='ltr'><strong>Caesareae</strong></span> <span class='ocrx_word' id='word_1_236' title='bbox 231 3344 410 3397; x_wconf 85' lang='lat' dir='ltr'><strong>validissimus</strong></span> <span class='ocrx_word' id='word_1_237' title='bbox 429 3348 675 3425; x_wconf 38' lang='lat' dir='ltr'><strong>appropinquavit„</strong></span> <span class='ocrx_word' id='word_1_238' title='bbox 697 3361 750 3398; x_wconf 91' lang='lat' dir='ltr'><strong>non</strong></span> <span class='ocrx_word' id='word_1_239' title='bbox 770 3345 855 3397; x_wconf 91' lang='lat' dir='ltr'><strong>solum</strong></span> <span class='ocrx_word' id='word_1_240' title='bbox 875 3361 943 3413; x_wconf 89' lang='lat' dir='ltr'><strong>quae</strong></span> <span class='ocrx_word' id='word_1_241' title='bbox 962 3345 994 3395; x_wconf 90' lang='lat' dir='ltr'><strong>ad</strong></span> <span class='ocrx_word' id='word_1_242' title='bbox 1014 3343 1161 3395; x_wconf 84' lang='lat' dir='ltr'><strong>exereitum</strong></span> 
     </span>
     <span class='ocr_line' id='line_1_31' title="bbox 62 3414 1161 3489; baseline 0 -26"><span class='ocrx_word' id='word_1_243' title='bbox 62 3414 198 3479; x_wconf 83' lang='lat' dir='ltr'><strong>pertinent</strong></span> <span class='ocrx_word' id='word_1_244' title='bbox 216 3417 381 3469; x_wconf 82' lang='lat' dir='ltr'><strong>constituens</strong></span> <span class='ocrx_word' id='word_1_245' title='bbox 399 3420 446 3470; x_wconf 87' lang='lat' dir='ltr'><strong>sed</strong></span> <span class='ocrx_word' id='word_1_246' title='bbox 466 3421 544 3470; x_wconf 85' lang='lat' dir='ltr'><strong>etiam</strong></span> <span class='ocrx_word' id='word_1_247' title='bbox 562 3418 651 3489; x_wconf 87' lang='lat' dir='ltr'><strong>legum</strong></span> <span class='ocrx_word' id='word_1_248' title='bbox 671 3420 791 3470; x_wconf 87' lang='lat' dir='ltr'><strong>ordinem</strong></span> <span class='ocrx_word' id='word_1_249' title='bbox 810 3425 871 3483; x_wconf 88' lang='lat' dir='ltr'><strong>apte</strong></span> <span class='ocrx_word' id='word_1_250' title='bbox 891 3430 985 3468; x_wconf 88' lang='lat' dir='ltr'><strong>curans</strong></span> <span class='ocrx_word' id='word_1_251' title='bbox 999 3423 1025 3467; x_wconf 85' lang='lat' dir='ltr'><strong>et</strong></span> <span class='ocrx_word' id='word_1_252' title='bbox 1043 3429 1161 3482; x_wconf 77' lang='lat' dir='ltr'><strong>peecan-</strong></span> 
     </span>
     <span class='ocr_line' id='line_1_32' title="bbox 62 3484 1163 3557; baseline -0.001 -23"><span class='ocrx_word' id='word_1_253' title='bbox 62 3492 104 3536; x_wconf 81' lang='lat' dir='ltr'><strong>tes</strong></span> <span class='ocrx_word' id='word_1_254' title='bbox 123 3484 220 3537; x_wconf 83' lang='lat' dir='ltr'><strong>milites</strong></span> <span class='ocrx_word' id='word_1_255' title='bbox 240 3489 409 3555; x_wconf 80' lang='lat' dir='ltr'><strong>castigationi</strong></span> <span class='ocrx_word' id='word_1_256' title='bbox 430 3499 456 3541; x_wconf 86' lang='lat' dir='ltr'><strong>et</strong></span> <span class='ocrx_word' id='word_1_257' title='bbox 485 3492 580 3557; x_wconf 89' lang='lat' dir='ltr'><strong>poenis</strong></span> <span class='ocrx_word' id='word_1_258' title='bbox 606 3492 711 3557; x_wconf 85' lang='lat' dir='ltr'><strong>peccati</strong></span> <span class='ocrx_word' id='word_1_259' title='bbox 736 3488 903 3541; x_wconf 83' lang='lat' dir='ltr'><strong>subiiciens:</strong></span> <span class='ocrx_word' id='word_1_260' title='bbox 926 3490 954 3539; x_wconf 90' lang='lat' dir='ltr'><strong>in</strong></span> <span class='ocrx_word' id='word_1_261' title='bbox 978 3485 1163 3539; x_wconf 81' lang='lat' dir='ltr'><strong>bellaautem</strong></span> 
     </span>
     <span class='ocr_line' id='line_1_33' title="bbox 64 3557 1164 3627; baseline -0.001 -22"><span class='ocrx_word' id='word_1_262' title='bbox 64 3557 190 3621; x_wconf 84' lang='lat' dir='ltr'><strong>quaedam</strong></span> <span class='ocrx_word' id='word_1_263' title='bbox 208 3558 328 3610; x_wconf 83' lang='lat' dir='ltr'><strong>incidens</strong></span> <span class='ocrx_word' id='word_1_264' title='bbox 347 3560 434 3610; x_wconf 83' lang='lat' dir='ltr'><strong>victer</strong></span> <span class='ocrx_word' id='word_1_265' title='bbox 453 3564 583 3627; x_wconf 83' lang='lat' dir='ltr'><strong>apparuit,</strong></span> <span class='ocrx_word' id='word_1_266' title='bbox 603 3570 630 3611; x_wconf 91' lang='lat' dir='ltr'><strong>et</strong></span> <span class='ocrx_word' id='word_1_267' title='bbox 649 3561 743 3612; x_wconf 81' lang='lat' dir='ltr'><strong>famam</strong></span> <span class='ocrx_word' id='word_1_268' title='bbox 761 3574 835 3613; x_wconf 92' lang='lat' dir='ltr'><strong>suam</strong></span> <span class='ocrx_word' id='word_1_269' title='bbox 853 3562 904 3610; x_wconf 90' lang='lat' dir='ltr'><strong>iam</strong></span> <span class='ocrx_word' id='word_1_270' title='bbox 914 3558 1054 3625; x_wconf 81' lang='lat' dir='ltr'><strong>divulgare</strong></span> <span class='ocrx_word' id='word_1_271' title='bbox 1074 3564 1101 3606; x_wconf 89' lang='lat' dir='ltr'><strong>et</strong></span> <span class='ocrx_word' id='word_1_272' title='bbox 1114 3571 1164 3605; x_wconf 84' lang='lat' dir='ltr'><strong>au-</strong></span> 
     </span>
     <span class='ocr_line' id='line_1_34' title="bbox 65 3627 1172 3697; baseline -0.003 -19"><span class='ocrx_word' id='word_1_273' title='bbox 65 3642 130 3694; x_wconf 81' lang='lat' dir='ltr'><strong>gere</strong></span> <span class='ocrx_word' id='word_1_274' title='bbox 148 3629 334 3697; x_wconf 83' lang='lat' dir='ltr'><strong>contendebat.</strong></span> <span class='ocrx_word' id='word_1_275' title='bbox 371 3631 419 3682; x_wconf 87' lang='lat' dir='ltr'><strong>sed</strong></span> <span class='ocrx_word' id='word_1_276' title='bbox 437 3632 581 3697; x_wconf 82' lang='lat' dir='ltr'><strong>imperator</strong></span> <span class='ocrx_word' id='word_1_277' title='bbox 600 3632 647 3683; x_wconf 86' lang='lat' dir='ltr'><strong>has</strong></span> <span class='ocrx_word' id='word_1_278' title='bbox 676 3634 804 3684; x_wconf 80' lang='lat' dir='ltr'><strong>victorias</strong></span> <span class='ocrx_word' id='word_1_279' title='bbox 829 3632 960 3693; x_wconf 90' lang='lat' dir='ltr'><strong>audiens,</strong></span> <span class='ocrx_word' id='word_1_280' title='bbox 986 3629 1057 3680; x_wconf 85' lang='lat' dir='ltr'><strong>bone</strong></span> <span class='ocrx_word' id='word_1_281' title='bbox 1076 3627 1172 3677; x_wconf 45' lang='lat' dir='ltr'><strong>animo*</strong></span> 
     </span>
     <span class='ocr_line' id='line_1_35' title="bbox 66 3698 1164 3771; baseline -0.002 -22"><span class='ocrx_word' id='word_1_282' title='bbox 66 3714 125 3750; x_wconf 90' lang='lat' dir='ltr'><strong>esse</strong></span> <span class='ocrx_word' id='word_1_283' title='bbox 142 3698 289 3763; x_wconf 85' lang='lat' dir='ltr'><strong>videbatur,</strong></span> <span class='ocrx_word' id='word_1_284' title='bbox 310 3702 457 3768; x_wconf 84' lang='lat' dir='ltr'><strong>excogitari</strong></span> <span class='ocrx_word' id='word_1_285' title='bbox 476 3710 562 3753; x_wconf 84' lang='lat' dir='ltr'><strong>autem</strong></span> <span class='ocrx_word' id='word_1_286' title='bbox 583 3704 725 3771; x_wconf 86' lang='lat' dir='ltr'><strong>quidquam</strong></span> <span class='ocrx_word' id='word_1_287' title='bbox 743 3711 850 3770; x_wconf 86' lang='lat' dir='ltr'><strong>praeter</strong></span> <span class='ocrx_word' id='word_1_288' title='bbox 868 3702 969 3752; x_wconf 82' lang='lat' dir='ltr'><strong>vultum</strong></span> <span class='ocrx_word' id='word_1_289' title='bbox 982 3704 1164 3765; x_wconf 75' lang='lat' dir='ltr'><strong>apparentem,</strong></span> 
     </span>
     <span class='ocr_line' id='line_1_36' title="bbox 65 3768 1163 3841; baseline -0.003 -22"><span class='ocrx_word' id='word_1_290' title='bbox 65 3784 118 3819; x_wconf 87' lang='lat' dir='ltr'><strong>nen</strong></span> <span class='ocrx_word' id='word_1_291' title='bbox 136 3778 240 3835; x_wconf 87' lang='lat' dir='ltr'><strong>poterat</strong></span> <span class='ocrx_word' id='word_1_292' title='bbox 259 3772 397 3840; x_wconf 82' lang='lat' dir='ltr'><strong>quisquam</strong></span> <span class='ocrx_word' id='word_1_293' title='bbox 418 3780 526 3824; x_wconf 83' lang='lat' dir='ltr'><strong>econtra</strong></span> <span class='ocrx_word' id='word_1_294' title='bbox 552 3774 657 3825; x_wconf 84' lang='lat' dir='ltr'><strong>dicere:</strong></span> <span class='ocrx_word' id='word_1_295' title='bbox 677 3783 763 3826; x_wconf 82' lang='lat' dir='ltr'><strong>tamen</strong></span> <span class='ocrx_word' id='word_1_296' title='bbox 791 3776 922 3841; x_wconf 74' lang='lat' dir='ltr'><strong>igiturne</strong></span> <span class='ocrx_word' id='word_1_297' title='bbox 940 3768 1092 3835; x_wconf 75' lang='lat' dir='ltr'><strong>Hierapolis</strong></span> <span class='ocrx_word' id='word_1_298' title='bbox 1112 3783 1163 3834; x_wconf 91' lang='lat' dir='ltr'><strong>op.</strong></span> 
     </span>
     <span class='ocr_line' id='line_1_37' title="bbox 65 3842 1163 3911; baseline -0.004 -21"><span class='ocrx_word' id='word_1_299' title='bbox 65 3842 250 3906; x_wconf 75' lang='lat' dir='ltr'><strong>pugnationem</strong></span> <span class='ocrx_word' id='word_1_300' title='bbox 263 3844 426 3909; x_wconf 88' lang='lat' dir='ltr'><strong>opprimeret</strong></span> <span class='ocrx_word' id='word_1_301' title='bbox 446 3851 473 3896; x_wconf 89' lang='lat' dir='ltr'><strong>et</strong></span> <span class='ocrx_word' id='word_1_302' title='bbox 484 3843 608 3896; x_wconf 78' lang='lat' dir='ltr'><strong>frumenti</strong></span> <span class='ocrx_word' id='word_1_303' title='bbox 626 3846 745 3911; x_wconf 91' lang='lat' dir='ltr'><strong>inopiam</strong></span> <span class='ocrx_word' id='word_1_304' title='bbox 764 3860 832 3911; x_wconf 88' lang='lat' dir='ltr'><strong>quae</strong></span> <span class='ocrx_word' id='word_1_305' title='bbox 851 3844 921 3894; x_wconf 85' lang='lat' dir='ltr'><strong>intus</strong></span> <span class='ocrx_word' id='word_1_306' title='bbox 940 3847 1079 3893; x_wconf 80' lang='lat' dir='ltr'><strong>versantes</strong></span> <span class='ocrx_word' id='word_1_307' title='bbox 1098 3855 1163 3907; x_wconf 84' lang='lat' dir='ltr'><strong>pre.</strong></span> 
     </span>
     <span class='ocr_line' id='line_1_38' title="bbox 66 3912 1162 3984; baseline -0.002 -24"><span class='ocrx_word' id='word_1_308' title='bbox 66 3917 156 3973; x_wconf 85' lang='lat' dir='ltr'><strong>meret,</strong></span> <span class='ocrx_word' id='word_1_309' title='bbox 176 3912 308 3984; x_wconf 38' lang='lat' dir='ltr'><strong>placarem·</strong></span> <span class='ocrx_word' id='word_1_310' title='bbox 325 3923 426 3980; x_wconf 86' lang='lat' dir='ltr'><strong>partem</strong></span> <span class='ocrx_word' id='word_1_311' title='bbox 445 3929 498 3965; x_wconf 88' lang='lat' dir='ltr'><strong>nen</strong></span> <span class='ocrx_word' id='word_1_312' title='bbox 517 3916 650 3966; x_wconf 86' lang='lat' dir='ltr'><strong>minimam</strong></span> <span class='ocrx_word' id='word_1_313' title='bbox 671 3918 804 3966; x_wconf 81' lang='lat' dir='ltr'><strong>exercitus</strong></span> <span class='ocrx_word' id='word_1_314' title='bbox 830 3913 987 3965; x_wconf 74' lang='lat' dir='ltr'><strong>abscindens</strong></span> <span class='ocrx_word' id='word_1_315' title='bbox 1006 3912 1043 3963; x_wconf 88' lang='lat' dir='ltr'><strong>ibi</strong></span> <span class='ocrx_word' id='word_1_316' title='bbox 1063 3912 1089 3962; x_wconf 87' lang='lat' dir='ltr'><strong>in</strong></span> <span class='ocrx_word' id='word_1_317' title='bbox 1110 3912 1162 3977; x_wconf 75' lang='lat' dir='ltr'><strong>Sy.</strong></span> 
     </span>
     <span class='ocr_line' id='line_1_39' title="bbox 67 3982 1161 4050; baseline 0.002 -19"><span class='ocrx_word' id='word_1_318' title='bbox 67 3983 106 4031; x_wconf 88' lang='lat' dir='ltr'><strong>ria</strong></span> <span class='ocrx_word' id='word_1_319' title='bbox 123 3982 194 4033; x_wconf 89' lang='lat' dir='ltr'><strong>abire</strong></span> <span class='ocrx_word' id='word_1_320' title='bbox 213 3985 354 4036; x_wconf 83' lang='lat' dir='ltr'><strong>decrevit:</strong></span> <span class='ocrx_word' id='word_1_321' title='bbox 382 3993 408 4035; x_wconf 85' lang='lat' dir='ltr'><strong>et</strong></span> <span class='ocrx_word' id='word_1_322' title='bbox 435 3986 484 4036; x_wconf 88' lang='lat' dir='ltr'><strong>boc</strong></span> <span class='ocrx_word' id='word_1_323' title='bbox 503 3987 581 4037; x_wconf 88' lang='lat' dir='ltr'><strong>modo</strong></span> <span class='ocrx_word' id='word_1_324' title='bbox 601 3987 694 4036; x_wconf 88' lang='lat' dir='ltr'><strong>horum</strong></span> <span class='ocrx_word' id='word_1_325' title='bbox 714 3987 812 4037; x_wconf 88' lang='lat' dir='ltr'><strong>robore</strong></span> <span class='ocrx_word' id='word_1_326' title='bbox 831 3986 1017 4050; x_wconf 78' lang='lat' dir='ltr'><strong>imperatorem</strong></span> <span class='ocrx_word' id='word_1_327' title='bbox 1036 3985 1161 4049; x_wconf 83' lang='lat' dir='ltr'><strong>privavit.</strong></span> 
     </span>
     <span class='ocr_line' id='line_1_40' title="bbox 69 4054 1162 4115; baseline 0 -14"><span class='ocrx_word' id='word_1_328' title='bbox 69 4062 228 4105; x_wconf 78' lang='lat' dir='ltr'><strong>comantem</strong></span> <span class='ocrx_word' id='word_1_329' title='bbox 248 4054 395 4109; x_wconf 81' lang='lat' dir='ltr'><strong>Sebastiam</strong></span> <span class='ocrx_word' id='word_1_330' title='bbox 414 4058 458 4107; x_wconf 89' lang='lat' dir='ltr'><strong>hie</strong></span> <span class='ocrx_word' id='word_1_331' title='bbox 477 4058 631 4115; x_wconf 68' lang='lat' dir='ltr'><strong>advenisset</strong></span> <span class='ocrx_word' id='word_1_332' title='bbox 656 4073 715 4107; x_wconf 91' lang='lat' dir='ltr'><strong>cum</strong></span> <span class='ocrx_word' id='word_1_333' title='bbox 734 4056 837 4107; x_wconf 85' lang='lat' dir='ltr'><strong>relictis</strong></span> <span class='ocrx_word' id='word_1_334' title='bbox 857 4055 958 4107; x_wconf 88' lang='lat' dir='ltr'><strong>viribus</strong></span> <span class='ocrx_word' id='word_1_335' title='bbox 978 4064 1005 4106; x_wconf 91' lang='lat' dir='ltr'><strong>et</strong></span> <span class='ocrx_word' id='word_1_336' title='bbox 1024 4057 1095 4106; x_wconf 87' lang='lat' dir='ltr'><strong>eirea</strong></span> <span class='ocrx_word' id='word_1_337' title='bbox 1114 4070 1162 4105; x_wconf 91' lang='lat' dir='ltr'><strong>ur.</strong></span> 
     </span>
     <span class='ocr_line' id='line_1_41' title="bbox 69 4121 1163 4197; baseline 0.004 -26"><span class='ocrx_word' id='word_1_338' title='bbox 69 4121 125 4172; x_wconf 92' lang='lat' dir='ltr'><strong>bem</strong></span> <span class='ocrx_word' id='word_1_339' title='bbox 143 4133 227 4179; x_wconf 84' lang='lat' dir='ltr'><strong>castra</strong></span> <span class='ocrx_word' id='word_1_340' title='bbox 253 4126 378 4192; x_wconf 85' lang='lat' dir='ltr'><strong>baberet,</strong></span> <span class='ocrx_word' id='word_1_341' title='bbox 405 4128 516 4181; x_wconf 87' lang='lat' dir='ltr'><strong>obvenit</strong></span> <span class='ocrx_word' id='word_1_342' title='bbox 540 4126 680 4181; x_wconf 82' lang='lat' dir='ltr'><strong>multitudo</strong></span> <span class='ocrx_word' id='word_1_343' title='bbox 708 4128 836 4197; x_wconf 85' lang='lat' dir='ltr'><strong>quaedam</strong></span> <span class='ocrx_word' id='word_1_344' title='bbox 863 4127 1032 4192; x_wconf 83' lang='grc' dir='ltr'><em>Ηιιιιιιοιιιισ,</em></span> <span class='ocrx_word' id='word_1_345' title='bbox 1062 4123 1163 4177; x_wconf 86' lang='lat' dir='ltr'><strong>beilum</strong></span> 
     </span>
     <span class='ocr_line' id='line_1_42' title="bbox 69 4190 1163 4271; baseline 0.002 -28"><span class='ocrx_word' id='word_1_346' title='bbox 69 4190 128 4243; x_wconf 86' lang='lat' dir='ltr'><strong>huie</strong></span> <span class='ocrx_word' id='word_1_347' title='bbox 147 4204 173 4248; x_wconf 85' lang='lat' dir='ltr'><strong>et</strong></span> <span class='ocrx_word' id='word_1_348' title='bbox 195 4213 310 4271; x_wconf 82' lang='lat' dir='ltr'><strong>pugnam</strong></span> <span class='ocrx_word' id='word_1_349' title='bbox 337 4201 465 4259; x_wconf 80' lang='lat' dir='ltr'><strong>excitam.</strong></span> <span class='ocrx_word' id='word_1_350' title='bbox 513 4217 571 4254; x_wconf 88' lang='lat' dir='ltr'><strong>eum</strong></span> <span class='ocrx_word' id='word_1_351' title='bbox 589 4199 638 4253; x_wconf 90' lang='lat' dir='ltr'><strong>ille</strong></span> <span class='ocrx_word' id='word_1_352' title='bbox 664 4200 855 4268; x_wconf 80' lang='lat' dir='ltr'><strong>egrederetur,</strong></span> <span class='ocrx_word' id='word_1_353' title='bbox 882 4199 1001 4254; x_wconf 85' lang='lat' dir='ltr'><strong>constitit</strong></span> <span class='ocrx_word' id='word_1_354' title='bbox 1018 4197 1163 4254; x_wconf 76' lang='lat' dir='ltr'><strong>vehemens</strong></span> 
     </span>
    </p>
   </div>
   <div class='ocr_carea' id='block_1_7' title="bbox 0 0 1449 4750">
    <p class='ocr_par' dir='ltr' id='par_1_7' title="bbox 0 0 1449 4750">
     <span class='ocr_line' id='line_1_43' title="bbox 0 0 1449 4750; baseline 0 0"><span class='ocrx_word' id='word_1_355' title='bbox 0 0 1449 4750; x_wconf 95' lang='lat' dir='ltr'><strong> </strong></span> 
     </span>
    </p>
   </div>
  </div>
 </body>
</html>
