2834 4750
531 246 742 314 aaronis.
886 267 891 282 ‹
1126 230 1177 310 ab

64 407 169 492 αυτῷ
191 408 322 488 βασιλεῖ
352 403 475 489 γέγονεν
508 405 551 483 τός
584 405 699 489 μερική
725 429 771 481 τις
801 401 975 489 δυσβουλία
1000 403 1055 470 καί
1083 408 1180 470 συνέ-

63 513 184 583 λευσις
213 505 406 590 συνετάραξε
446 503 480 571 τό
521 506 678 593 όπηκοον,
708 509 784 590 cept
820 506 961 592 συνδηκη
1000 505 1088 589 κοινὴ
1125 510 1182 572 καί

68 612 261 693 συγκίνησις
290 601 506 688 ἐξεπολέμωσε
531 613 661 688 τοῦτον,
693 609 750 673 καί
770 610 912 693 θάρσους
931 608 1180 692 ἐνεπλήσθησαν,

69 712 124 784 είς
147 706 281 791 ἔρευναν
302 705 403 783 eddela
427 712 574 793 διανέστη
596 695 651 774 καί
678 711 743 773 τεόν
762 714 1008 794 τετολμημένων
1022 711 1182 793 ἐκδίκησιν

28 809 91 872 56
117 813 254 892 κρατῶν.
306 810 360 872 καί
390 811 462 873 ε’πεί
482 814 594 874 λαβεῖν
620 811 678 872 οόκ
704 812 777 894 ε’νῆν
805 806 881 882 τοός
909 806 1061 874 τοσοότου
1083 811 1182 872 κακοῦ

68 908 305 993 πρωτεργάτας
325 911 380 974 καί
399 909 596 986 στασιαστὰς
618 915 674 976 καί
693 910 906 992 συνίστορας,
931 901 1042 994 ἤγοντο
1062 904 1184 974 τοάτιον

74 1011 217 1092 συχνοί,
245 1015 301 1074 καί
326 1009 550 1086 καθοσιώσειος
579 1013 623 1086 εἰς
654 1013 789 1092 βασιλέα
813 1014 991 1096 φερομένης
1013 1011 1184 1092 ἐκρίνοντο.

72 1113 136 1173 καί
159 1106 188 1173 οἱ
209 1112 270 1192 μὲν
292 1108 431 1194 εἱρκταῖς
456 1113 634 1194 δημοσίαις,
659 1109 688 1176 οἱ
713 1113 747 1174 δὲ
766 1113 931 1191 α’μειδέσιν
946 1111 1095 1202 οἰκτίστοις
1116 1108 1185 1173 ε’δί-

76 1213 185 1276 δοντο.
229 1202 320 1274 όλλοι
344 1213 379 1275 δὲ
400 1207 520 1275 τοάτοον
544 1210 599 1276 τόν
623 1209 761 1277 θάνατον
783 1214 924 1277 ἐκκλῖναι
945 1207 1186 1291 σπουδάζοντες,

12 1319 57 1374 10
76 1311 292 1394 ὑποσχέσεσιν
315 1309 499 1394 ἐλευθερίας
520 1311 710 1398 σαινόμενοι,
741 1310 929 1398 προεδίδουν
949 1306 1087 1394 ἑτέρους.
1130 1311 1186 1376 καί

74 1413 155 1475 καθ’
187 1405 322 1496 ἑκάστην
353 1411 625 1495 συνελαμβάνοντο
656 1415 787 1498 συχνοί,
816 1411 872 1476 καί
899 1411 1000 1497 φόβος
1020 1405 1087 1493 εἶχε
1110 1407 1184 1485 τοός

76 1516 247 1587 πλείστους
270 1514 322 1577 ἳνα
343 1511 386 1596 μὴ
408 1516 620 1599 συλληφδαῖσι
639 1511 916 1599 κατηγορούμεναι.
960 1517 1038 1585 τέως
1060 1513 1096 1575 δέ
1114 1535 1182 1591 μα-

73 1617 235 1696 στιγοόσας
256 1611 380 1678 τοότοον
401 1615 490 1688 τινός
516 1613 533 1704 ό
557 1619 693 1698 κρατοῖν,
717 1613 773 1679 καί
793 1615 840 1688 είς
862 1616 931 1698 φάς
952 1611 1029 1688 τσός
1050 1610 1184 1694 ε’πιβοό·

76 1721 156 1790 λους
179 1713 367 1798 προαγαγών
390 1716 465 1778 ου’δὲ
484 1717 557 1798 πρίν
578 1703 809 1798 ἀγνοουμένους
832 1713 885 1780 διά
907 1714 940 1779 τό
955 1715 1127 1796 ἐκραγῆναι
1148 1709 1183 1776 τό

19 1839 61 1892 15
79 1813 308 1896 μελετώμενον,
333 1819 418 1904 φυγῇ
442 1813 573 1891 τοότους
594 1819 649 1881 καί
673 1818 828 1899 δημεύσει
848 1816 1100 1898 προσεζημίτοσε,
1120 1838 1186 1895 μη-

80 1920 158 1983 δένα
183 1919 223 1981 δι’
247 1916 379 1999 αἳματος
401 1917 649 2001 τιμωρήσασθαι
673 1919 905 2000 ἀνασχόμενος,
939 1914 1010 1978 ἀλλ’
1032 1912 1186 1997 ου’ψόχως

76 2017 141 2101 την
165 2020 332 2100 παροινίαν
366 2017 420 2082 καί
441 2018 660 2102 ’μετριώτερον
690 2015 833 2100 ἐνεγκάν.
876 2012 937 2099 πρό
962 2017 998 2078 δέ
1020 2010 1184 2088 πόντοιό

76 2119 243 2202 εἰρημένος
262 2113 413 2202 ἔπαρχος,
435 2116 617 2194 συνειδότος
640 2116 865 2202 κατηγορηθείς
879 2115 934 2178 καί
951 2116 1084 2199 κριθείς,
1105 2109 1183 2176 άπε-

77 2223 173 2307 ρορίηι
197 2220 251 2281 καί
263 2219 412 2302 δημεόσει
432 2217 513 2284 κατά
530 2217 587 2302 τὴν
610 2216 709 2302 adsela
732 2218 854 2301 ἡμέραν
869 2220 925 2299 τῆς
938 2217 1084 2297 ταραχῆς
1105 2209 1184 2278 άπε-

23 2318 202 2404 νοβλήθη,
234 2315 342 2384 είσιιόν
371 2323 431 2401 μέν
451 2317 497 2395 εἷς’
527 2318 566 2385 τά
588 2324 736 2403 βασιλεια
766 2312 809 2394 οἷς
832 2343 863 2384 τι
884 2319 947 2383 τόν
968 2317 1103 2381 δεόντων
1124 2338 1185 2379 κα-

79 2418 251 2503 reptandi
274 2420 329 2487 καί
348 2420 383 2487 τό
406 2423 577 2504 στασιάζον
609 2420 828 2504 κατευνακσός,
858 2422 1050 2507 ἀφαιρεθείς
1073 2416 1185 2501 δότην

81 2517 186 2604 ζώνην
209 2523 264 2585 καί
290 2520 329 2586 τά
359 2521 534 2610 παράσημα
563 2530 620 2590 καί
646 2524 834 2611 κατάκριτος
863 2519 1110 2609 α’προσδσκὴτως
1131 2540 1185 2603 γε-

81 2644 221 2704 νομενος.

152 2758 177 2809 3.
198 2758 301 2813 aaziae?
407 2762 433 2813 5.
455 2760 611 2821 τοσούτους
631 2762 659 2816 G.

81 2880 154 2931 hunc
173 2884 273 2932 aestum
294 2888 320 2932 et
340 2883 446 2934 omnino
465 2894 620 2951 persuasum
640 2893 681 2937 est
696 2884 781 2953 regiis
801 2892 828 2936 et
845 2885 904 2956 regi
920 2882 983 2952 ipsi,
1001 2885 1083 2950 partis
1096 2895 1183 2951 quan.

81 2952 140 3002 darn
158 2950 375 3004 malevolentiam
396 2963 422 3005 et
442 2955 665 3022 conspirationem
683 2956 805 3007 turbasse
830 2958 974 3018 sublectos,
1003 2968 1091 3025 neque
1117 2968 1183 3007 vero

81 3024 234 3089 pactionem
255 3038 419 3076 communem
440 3036 466 3077 et
485 3030 695 3079 coniurationem
718 3028 789 3079 buno
806 3027 881 3079 bello
900 3026 1057 3089 induxisse,
1078 3030 1105 3073 et
1122 3027 1183 3076 ani.

79 3107 122 3144 rno
141 3093 245 3160 impleti
265 3104 334 3159 sunt,
355 3098 386 3149 ad
406 3099 607 3165 inquisitionem
627 3100 712 3151 statim
733 3100 848 3150 surrexit
868 3106 894 3149 et
912 3099 1079 3162 inceptorum
1098 3093 1184 3147 ultio.

35 3222 39 3229 ,
79 3180 139 3216 nern
159 3166 310 3232 imperator.
349 3176 428 3236 atque
448 3186 506 3221 curn
525 3186 579 3221 non
598 3170 683 3220 latere
702 3178 813 3235 possent
832 3171 897 3220 tanti
917 3168 978 3218 mali
1004 3174 1128 3218 auctores
1155 3174 1183 3217 et

80 3235 199 3287 seditiosi
221 3245 248 3287 et
267 3240 377 3303 conscii,
396 3240 664 3307 deprehendebantur
684 3240 777 3291 borum
803 3240 877 3291 multi
906 3248 932 3290 et
957 3240 1125 3290 dedicatione
1149 3238 1182 3290 ad

80 3320 171 3375 regem
192 3306 244 3359 lata
262 3310 454 3375 indicabantur,
474 3321 557 3381 atque
576 3313 623 3363 alii
643 3313 750 3379 quidem
771 3312 887 3364 vinculis
898 3311 1022 3378 publicis,
1033 3310 1080 3361 alii
1095 3309 1181 3361 tristi.

80 3378 129 3429 bus
148 3378 277 3431 aediliciis
298 3383 477 3447 tradebantur,
497 3384 547 3435 alii
567 3393 654 3435 autem
674 3383 769 3435 horum
790 3392 900 3434 mortem
921 3384 1022 3434 evitare
1048 3382 1184 3433 studentes

80 3450 216 3516 promissis
240 3449 373 3504 libertatis
402 3453 497 3505 molliti
529 3454 676 3522 prodebant
694 3454 783 3519 alios,
817 3464 843 3506 et
867 3454 986 3522 qnotidie
1012 3454 1185 3520 capiebantur

81 3520 165 3582 multi,
199 3529 225 3572 et
242 3531 326 3575 metus
346 3524 454 3575 tenebat
472 3526 613 3591 plurimos,
633 3543 667 3577 ne
687 3534 846 3595 caperentur
873 3525 999 3577 accusati.
1020 3549 1022 3557 v
1045 3533 1183 3592 postquam
1272 3564 1275 3569 .

80 3598 167 3641 aulem
194 3606 241 3657 per
259 3601 362 3661 tompus
380 3595 490 3661 aliquod
514 3598 657 3666 castigavit
675 3601 769 3651 horum
788 3598 913 3667 quosdam
942 3598 1086 3664 imperator
1112 3602 1138 3645 et
1156 3596 1183 3646 in

80 3662 165 3712 lucem
190 3664 345 3717 insidiantes
374 3672 515 3735 produxit,
536 3686 601 3738 quos
626 3686 660 3721 ne
686 3680 765 3723 antea
790 3671 895 3739 quidem
927 3669 1100 3735 ignoraverat
1124 3682 1183 3717 cunr

82 3732 220 3784 consilium
246 3742 427 3804 prorupisset,
456 3740 552 3792 exsilio
576 3740 624 3792 bos
653 3752 680 3794 ct
703 3742 885 3810 publicatione
907 3741 1027 3807 punivit,
1051 3741 1183 3791 neminem

81 3805 209 3871 sanguine
228 3822 258 3858 se
277 3811 427 3873 puniturum
449 3808 596 3878 pollicitus,
616 3814 662 3867 sed
682 3830 815 3881 generose
835 3815 957 3863 iniuriam
977 3819 1004 3862 et
1021 3812 1182 3863 moderatius

81 3877 178 3927 ferens·
222 3878 291 3931 Ante
323 3895 413 3935 omnes
448 3890 548 3945 autem,
565 3895 784 3941 commemoratus
816 3885 968 3950 praelectus
1002 3886 1183 3934 conscientiae

81 3956 217 4001 accusatus
233 3960 259 4001 et
278 3955 412 4009 damnatus
433 3956 507 4007 exilii
528 3966 554 4007 et
573 3955 760 4019 publicationis
781 3957 873 4005 codem
892 3956 935 4005 dic
955 3956 1047 4007 turbae
1060 3956 1183 4005 inductus

82 4027 128 4081 est,
148 4021 285 4089 ingressus
305 4028 331 4077 in
352 4031 463 4098 regiam,
486 4030 560 4097 ‹prrasi
587 4026 689 4092 aliquid
703 4027 922 4077 necessariorum
932 4028 1001 4079 bene
1022 4028 1132 4079 lecisset
1157 4032 1184 4074 et

82 4092 238 4145 seditionem
266 4102 475 4166 composuisset,
510 4101 629 4169 privatus
665 4104 753 4147 autem
785 4094 893 4164 cingulo
915 4107 955 4150 ·et
982 4097 1131 4169 insignibus
1158 4102 1184 4147 ct

84 4162 217 4219 damnatus
236 4178 342 4234 practer
363 4174 589 4240 exspectationem
618 4170 713 4222 laetus.
