<?xml version="1.0" encoding="UTF-8"?>
<!DOCTYPE html PUBLIC "-//W3C//DTD XHTML 1.0 Transitional//EN"
    "http://www.w3.org/TR/xhtml1/DTD/xhtml1-transitional.dtd">
<html xmlns="http://www.w3.org/1999/xhtml" xml:lang="en" lang="en">
 <head>
  <title>
</title>
<meta http-equiv="Content-Type" content="text/html;charset=utf-8" />
  <meta name='ocr-system' content='tesseract 3.04.00' />
  <meta name='ocr-capabilities' content='ocr_page ocr_carea ocr_par ocr_line ocrx_word'/>
</head>
<body>
  <div class='ocr_page' id='page_1' title='image "./corpusscriptoru24theogoog_0161.png"; bbox 0 0 2834 4750; ppageno 0'>
   <div class='ocr_carea' id='block_1_1' title="bbox 542 287 1196 409">
    <p class='ocr_par' dir='ltr' id='par_1_1' title="bbox 542 287 1196 409">
     <span class='ocr_line' id='line_1_1' title="bbox 542 287 1196 409; baseline 0.005 -18"><span class='ocrx_word' id='word_1_1' title='bbox 542 323 780 409; x_wconf 61' lang='lat' dir='ltr'>nrsrorn„</span> <span class='ocrx_word' id='word_1_2' title='bbox 880 360 884 369; x_wconf 84' lang='lat'>-</span> <span class='ocrx_word' id='word_1_3' title='bbox 1054 287 1059 292; x_wconf 70' lang='grc'><em>’</em></span> <span class='ocrx_word' id='word_1_4' title='bbox 1116 318 1196 395; x_wconf 74' lang='lat' dir='ltr'>tat</span> 
     </span>
    </p>
   </div>
   <div class='ocr_carea' id='block_1_2' title="bbox 22 474 1331 2591">
    <p class='ocr_par' dir='ltr' id='par_1_2' title="bbox 22 474 1331 2591">
     <span class='ocr_line' id='line_1_2' title="bbox 79 474 1195 571; baseline 0.002 -21"><span class='ocrx_word' id='word_1_5' title='bbox 79 483 123 552; x_wconf 76' lang='grc' dir='ltr'>οἶ</span> <span class='ocrx_word' id='word_1_6' title='bbox 147 487 323 568; x_wconf 77' lang='grc' dir='ltr'><strong><em>Ῥωμαῖοι,</em></strong></span> <span class='ocrx_word' id='word_1_7' title='bbox 353 487 589 571; x_wconf 77' lang='grc' dir='ltr'><strong><em>προηγουμένου</em></strong></span> <span class='ocrx_word' id='word_1_8' title='bbox 626 489 680 551; x_wconf 77' lang='grc' dir='ltr'><strong><em>κατ’</em></strong></span> <span class='ocrx_word' id='word_1_9' title='bbox 708 490 947 571; x_wconf 74' lang='grc' dir='ltr'><strong><em>μισδοφορικοό</em></strong></span> <span class='ocrx_word' id='word_1_10' title='bbox 965 484 1031 553; x_wconf 75' lang='grc' dir='ltr'><strong><em>ια’όν</em></strong></span> <span class='ocrx_word' id='word_1_11' title='bbox 1051 474 1195 570; x_wconf 54' lang='lat' dir='ltr'>baffia,</span> 
     </span>
     <span class='ocr_line' id='line_1_3' title="bbox 79 571 1198 672; baseline 0.003 -22"><span class='ocrx_word' id='word_1_12' title='bbox 79 589 255 670; x_wconf 79' lang='grc' dir='ltr'><strong><em>παρῆλθον</em></strong></span> <span class='ocrx_word' id='word_1_13' title='bbox 276 586 350 662; x_wconf 82' lang='grc' dir='ltr'><strong><em>τοός</em></strong></span> <span class='ocrx_word' id='word_1_14' title='bbox 375 571 551 670; x_wconf 79' lang='grc' dir='ltr'><strong><em>μηνοειδεῖς</em></strong></span> <span class='ocrx_word' id='word_1_15' title='bbox 575 585 712 662; x_wconf 75' lang='grc' dir='ltr'>ἐκείνους</span> <span class='ocrx_word' id='word_1_16' title='bbox 732 586 877 669; x_wconf 76' lang='grc' dir='ltr'><strong><em>υἷγκοῖνας</em></strong></span> <span class='ocrx_word' id='word_1_17' title='bbox 901 587 958 654; x_wconf 78' lang='grc' dir='ltr'><strong><em>καί</em></strong></span> <span class='ocrx_word' id='word_1_18' title='bbox 976 586 1110 654; x_wconf 82' lang='grc' dir='ltr'><strong><em>κατόπιν</em></strong></span> <span class='ocrx_word' id='word_1_19' title='bbox 1127 592 1198 672; x_wconf 70' lang='grc' dir='ltr'>ἐγό-</span> 
     </span>
     <span class='ocr_line' id='line_1_4' title="bbox 67 682 1309 776; baseline 0.002 -26"><span class='ocrx_word' id='word_1_20' title='bbox 67 693 199 771; x_wconf 69' lang='grc' dir='ltr'><strong><em>νοντο,</em></strong></span> <span class='ocrx_word' id='word_1_21' title='bbox 224 683 317 769; x_wconf 77' lang='grc' dir='ltr'><strong><em>λόχος</em></strong></span> <span class='ocrx_word' id='word_1_22' title='bbox 349 683 520 770; x_wconf 84' lang='grc' dir='ltr'><strong><em>Τουρκικός</em></strong></span> <span class='ocrx_word' id='word_1_23' title='bbox 558 688 737 770; x_wconf 75' lang='grc' dir='ltr'><strong><em>καδῆμενος</em></strong></span> <span class='ocrx_word' id='word_1_24' title='bbox 768 685 809 750; x_wconf 76' lang='lat' dir='ltr'>a’n‘</span> <span class='ocrx_word' id='word_1_25' title='bbox 832 687 939 775; x_wconf 76' lang='grc' dir='ltr'><strong><em>α’δῆλῳ</em></strong></span> <span class='ocrx_word' id='word_1_26' title='bbox 968 691 1005 775; x_wconf 77' lang='grc' dir='ltr'><strong><em>τῇ</em></strong></span> <span class='ocrx_word' id='word_1_27' title='bbox 1031 687 1196 776; x_wconf 75' lang='grc' dir='ltr'><strong><em>Ῥωμαϊκῇ</em></strong></span> <span class='ocrx_word' id='word_1_28' title='bbox 1308 682 1309 687; x_wconf 32' lang='grc'><strong>“</strong></span> 
     </span>
     <span class='ocr_line' id='line_1_5' title="bbox 52 785 1198 874; baseline 0.003 -24"><span class='ocrx_word' id='word_1_29' title='bbox 52 788 276 874; x_wconf 80' lang='grc' dir='ltr'><strong><em>-παρεμβολῆ</em></strong></span> <span class='ocrx_word' id='word_1_30' title='bbox 302 790 553 870; x_wconf 65' lang='lat' dir='ltr'>aposcolicam,</span> <span class='ocrx_word' id='word_1_31' title='bbox 590 789 623 852; x_wconf 84' lang='grc' dir='ltr'>ἐν</span> <span class='ocrx_word' id='word_1_32' title='bbox 648 790 708 850; x_wconf 78' lang='lat' dir='ltr'>oria</span> <span class='ocrx_word' id='word_1_33' title='bbox 739 787 855 871; x_wconf 78' lang='grc' dir='ltr'><strong><em>σ’λόγοις</em></strong></span> <span class='ocrx_word' id='word_1_34' title='bbox 883 785 1018 873; x_wconf 77' lang='grc' dir='ltr'><strong><em>όνδρόοι</em></strong></span> <span class='ocrx_word' id='word_1_35' title='bbox 1048 811 1198 872; x_wconf 80' lang='grc' dir='ltr'><strong><em>παραμε-</em></strong></span> 
     </span>
     <span class='ocr_line' id='line_1_6' title="bbox 40 883 1195 974; baseline 0.002 -21"><span class='ocrx_word' id='word_1_36' title='bbox 40 885 282 972; x_wconf 87' lang='grc' dir='ltr'><strong><em>5τροόμενος·</em></strong></span> <span class='ocrx_word' id='word_1_37' title='bbox 337 883 392 962; x_wconf 81' lang='grc' dir='ltr'>σός</span> <span class='ocrx_word' id='word_1_38' title='bbox 424 884 452 950; x_wconf 83' lang='grc' dir='ltr'>οἱ</span> <span class='ocrx_word' id='word_1_39' title='bbox 484 893 757 974; x_wconf 66' lang='grc' dir='ltr'><strong><em>παραληφθέντες</em></strong></span> <span class='ocrx_word' id='word_1_40' title='bbox 787 891 832 964; x_wconf 81' lang='grc' dir='ltr'>εἰς</span> <span class='ocrx_word' id='word_1_41' title='bbox 859 886 1008 973; x_wconf 83' lang='grc' dir='ltr'><strong><em>φυλακῆν</em></strong></span> <span class='ocrx_word' id='word_1_42' title='bbox 1035 891 1195 974; x_wconf 59' lang='grc' dir='ltr'><strong><em>στρατιῶι</em></strong></span> 
     </span>
     <span class='ocr_line' id='line_1_7' title="bbox 80 986 1196 1075; baseline 0.002 -21"><span class='ocrx_word' id='word_1_43' title='bbox 80 1014 147 1054; x_wconf 86' lang='grc' dir='ltr'>ται</span> <span class='ocrx_word' id='word_1_44' title='bbox 180 988 367 1071; x_wconf 81' lang='grc' dir='ltr'><strong><em>δεξόμενοι,</em></strong></span> <span class='ocrx_word' id='word_1_45' title='bbox 389 986 461 1071; x_wconf 45' lang='grc' dir='ltr'>Χπρό</span> <span class='ocrx_word' id='word_1_46' title='bbox 483 986 604 1054; x_wconf 83' lang='grc' dir='ltr'><strong><em>πόντων</em></strong></span> <span class='ocrx_word' id='word_1_47' title='bbox 626 991 655 1052; x_wconf 84' lang='grc' dir='ltr'>δ’</span> <span class='ocrx_word' id='word_1_48' title='bbox 676 986 707 1053; x_wconf 82' lang='grc' dir='ltr'>οἱ</span> <span class='ocrx_word' id='word_1_49' title='bbox 732 987 895 1073; x_wconf 81' lang='grc' dir='ltr'><strong><em>Φρόγγοι,</em></strong></span> <span class='ocrx_word' id='word_1_50' title='bbox 927 992 982 1054; x_wconf 78' lang='grc' dir='ltr'><strong><em>καί</em></strong></span> <span class='ocrx_word' id='word_1_51' title='bbox 1003 988 1196 1075; x_wconf 72' lang='grc' dir='ltr'><strong><em>α’γχεμόχος</em></strong></span> 
     </span>
     <span class='ocr_line' id='line_1_8' title="bbox 76 1085 1195 1176; baseline -0.001 -22"><span class='ocrx_word' id='word_1_52' title='bbox 76 1091 323 1170; x_wconf 74' lang='grc' dir='ltr'><strong><em>συμπλακέντες</em></strong></span> <span class='ocrx_word' id='word_1_53' title='bbox 351 1092 406 1152; x_wconf 75' lang='grc' dir='ltr'><strong><em>καί</em></strong></span> <span class='ocrx_word' id='word_1_54' title='bbox 426 1085 540 1164; x_wconf 76' lang='grc' dir='ltr'><strong><em>ἱκαναῖς</em></strong></span> <span class='ocrx_word' id='word_1_55' title='bbox 575 1089 865 1173; x_wconf 76' lang='grc' dir='ltr'><strong><em>α’νθαμιλληθὲντις</em></strong></span> <span class='ocrx_word' id='word_1_56' title='bbox 887 1093 1073 1174; x_wconf 77' lang='grc' dir='ltr'><strong><em>ἐτρέψαντο,</em></strong></span> <span class='ocrx_word' id='word_1_57' title='bbox 1092 1092 1195 1176; x_wconf 74' lang='grc' dir='ltr'><strong><em>μηδι·</em></strong></span> 
     </span>
     <span class='ocr_line' id='line_1_9' title="bbox 76 1187 1195 1276; baseline -0.002 -22"><span class='ocrx_word' id='word_1_58' title='bbox 76 1188 140 1266; x_wconf 84' lang='grc' dir='ltr'>νὸς</span> <span class='ocrx_word' id='word_1_59' title='bbox 161 1192 225 1255; x_wconf 83' lang='grc' dir='ltr'><strong><em>τεόν</em></strong></span> <span class='ocrx_word' id='word_1_60' title='bbox 247 1187 426 1270; x_wconf 78' lang='grc' dir='ltr'><strong><em>ἱσταμένων</em></strong></span> <span class='ocrx_word' id='word_1_61' title='bbox 445 1192 611 1273; x_wconf 79' lang='grc' dir='ltr'><strong><em>ταγμάτων</em></strong></span> <span class='ocrx_word' id='word_1_62' title='bbox 628 1191 817 1272; x_wconf 77' lang='grc' dir='ltr'><strong><em>Ῥωμαϊκῶν·</em></strong></span> <span class='ocrx_word' id='word_1_63' title='bbox 836 1199 904 1266; x_wconf 76' lang='grc' dir='ltr'><strong><em>τοῖς</em></strong></span> <span class='ocrx_word' id='word_1_64' title='bbox 919 1191 1079 1276; x_wconf 74' lang='grc' dir='ltr'><strong><em>Φρόγγοις</em></strong></span> <span class='ocrx_word' id='word_1_65' title='bbox 1096 1193 1195 1276; x_wconf 74' lang='grc' dir='ltr'><strong><em>μέχρι</em></strong></span> 
     </span>
     <span class='ocr_line' id='line_1_10' title="bbox 77 1287 1193 1380; baseline 0 -26"><span class='ocrx_word' id='word_1_66' title='bbox 77 1290 146 1354; x_wconf 73' lang='grc' dir='ltr'><strong><em>κατ’</em></strong></span> <span class='ocrx_word' id='word_1_67' title='bbox 166 1289 268 1373; x_wconf 80' lang='grc' dir='ltr'><strong><em>α’πλῆς</em></strong></span> <span class='ocrx_word' id='word_1_68' title='bbox 290 1289 390 1376; x_wconf 80' lang='grc' dir='ltr'><strong><em>ὁρμῆς</em></strong></span> <span class='ocrx_word' id='word_1_69' title='bbox 414 1292 729 1377; x_wconf 77' lang='grc' dir='ltr'><strong><em>παραβοηθῆσαντος,</em></strong></span> <span class='ocrx_word' id='word_1_70' title='bbox 774 1294 808 1356; x_wconf 81' lang='lat' dir='ltr'>e&#39;r</span> <span class='ocrx_word' id='word_1_71' title='bbox 833 1289 938 1380; x_wconf 84' lang='grc' dir='ltr'><strong><em>τοότιρ</em></strong></span> <span class='ocrx_word' id='word_1_72' title='bbox 972 1294 1008 1356; x_wconf 69' lang='grc' dir='ltr'>δὲ</span> <span class='ocrx_word' id='word_1_73' title='bbox 1037 1287 1193 1377; x_wconf 79' lang='grc' dir='ltr'><strong><em>όπόστρε·</em></strong></span> 
     </span>
     <span class='ocr_line' id='line_1_11' title="bbox 22 1384 1195 1477; baseline 0.005 -25"><span class='ocrx_word' id='word_1_74' title='bbox 22 1401 66 1454; x_wconf 87' lang='grc'>10</span> <span class='ocrx_word' id='word_1_75' title='bbox 78 1409 150 1476; x_wconf 81' lang='grc' dir='ltr'>ψει</span> <span class='ocrx_word' id='word_1_76' title='bbox 182 1391 371 1474; x_wconf 78' lang='grc' dir='ltr'><strong><em>δ’βασιλεός</em></strong></span> <span class='ocrx_word' id='word_1_77' title='bbox 403 1393 459 1476; x_wconf 85' lang='grc' dir='ltr'><strong><em>τῆς</em></strong></span> <span class='ocrx_word' id='word_1_78' title='bbox 480 1390 636 1470; x_wconf 76' lang='grc' dir='ltr'>διώξεως·</span> <span class='ocrx_word' id='word_1_79' title='bbox 688 1391 765 1474; x_wconf 85' lang='grc' dir='ltr'><strong><em>πρός</em></strong></span> <span class='ocrx_word' id='word_1_80' title='bbox 793 1390 932 1475; x_wconf 74' lang='grc' dir='ltr'><strong><em>ἑσπέραν</em></strong></span> <span class='ocrx_word' id='word_1_81' title='bbox 961 1391 1024 1477; x_wconf 74' lang='grc' dir='ltr'>γὰρ</span> <span class='ocrx_word' id='word_1_82' title='bbox 1045 1384 1103 1474; x_wconf 85' lang='grc' dir='ltr'>ῆν,</span> <span class='ocrx_word' id='word_1_83' title='bbox 1123 1393 1195 1458; x_wconf 69' lang='grc' dir='ltr'><strong><em>ἕπετ’</em></strong></span> 
     </span>
     <span class='ocr_line' id='line_1_12' title="bbox 77 1481 1193 1584; baseline 0.002 -26"><span class='ocrx_word' id='word_1_84' title='bbox 77 1497 144 1558; x_wconf 82' lang='grc' dir='ltr'><strong><em>καί</em></strong></span> <span class='ocrx_word' id='word_1_85' title='bbox 164 1491 180 1558; x_wconf 83' lang='grc' dir='ltr'><em>ὃ</em></span> <span class='ocrx_word' id='word_1_86' title='bbox 202 1498 338 1575; x_wconf 83' lang='grc' dir='ltr'><strong><em>πόλεμος</em></strong></span> <span class='ocrx_word' id='word_1_87' title='bbox 360 1498 435 1576; x_wconf 75' lang='grc' dir='ltr'><strong><em>περί</em></strong></span> <span class='ocrx_word' id='word_1_88' title='bbox 447 1496 554 1584; x_wconf 77' lang='grc' dir='ltr'><strong><em>δειλῆν</em></strong></span> <span class='ocrx_word' id='word_1_89' title='bbox 578 1481 865 1575; x_wconf 64' lang='lat' dir='ltr'>aptansaptans-o,</span> <span class='ocrx_word' id='word_1_90' title='bbox 889 1494 995 1577; x_wconf 75' lang='grc' dir='ltr'><strong><em>ἠρέμα</em></strong></span> <span class='ocrx_word' id='word_1_91' title='bbox 1013 1498 1073 1559; x_wconf 78' lang='grc' dir='ltr'><strong><em>τοῦ</em></strong></span> <span class='ocrx_word' id='word_1_92' title='bbox 1093 1518 1193 1579; x_wconf 84' lang='grc' dir='ltr'><strong><em>στρα·</em></strong></span> 
     </span>
     <span class='ocr_line' id='line_1_13' title="bbox 72 1591 1251 1678; baseline 0.002 -19"><span class='ocrx_word' id='word_1_93' title='bbox 72 1595 221 1659; x_wconf 76' lang='grc' dir='ltr'><strong><em>τσπέδσυ</em></strong></span> <span class='ocrx_word' id='word_1_94' title='bbox 243 1595 429 1674; x_wconf 70' lang='grc' dir='ltr'><strong><em>βαδίζοντος</em></strong></span> <span class='ocrx_word' id='word_1_95' title='bbox 451 1593 605 1678; x_wconf 85' lang='grc' dir='ltr'><strong><em>πρότερον</em></strong></span> <span class='ocrx_word' id='word_1_96' title='bbox 618 1596 673 1658; x_wconf 77' lang='grc' dir='ltr'><strong><em>κατ’</em></strong></span> <span class='ocrx_word' id='word_1_97' title='bbox 692 1597 893 1677; x_wconf 75' lang='grc' dir='ltr'><strong><em>περιέπονεσς</em></strong></span> <span class='ocrx_word' id='word_1_98' title='bbox 908 1591 982 1670; x_wconf 86' lang='grc' dir='ltr'><strong><em>τοός</em></strong></span> <span class='ocrx_word' id='word_1_99' title='bbox 1003 1594 1191 1661; x_wconf 75' lang='grc' dir='ltr'><strong><em>οἰσδενεστό-</em></strong></span> <span class='ocrx_word' id='word_1_100' title='bbox 1248 1659 1251 1667; x_wconf 81' lang='grc'>,</span> 
     </span>
     <span class='ocr_line' id='line_1_14' title="bbox 78 1676 1252 1781; baseline 0.003 -23"><span class='ocrx_word' id='word_1_101' title='bbox 78 1719 167 1780; x_wconf 78' lang='grc' dir='ltr'><strong><em>ρους</em></strong></span> <span class='ocrx_word' id='word_1_102' title='bbox 187 1698 243 1762; x_wconf 80' lang='grc' dir='ltr'><strong><em>κατ’</em></strong></span> <span class='ocrx_word' id='word_1_103' title='bbox 261 1693 378 1778; x_wconf 83' lang='grc' dir='ltr'><strong><em>πιζσδς</em></strong></span> <span class='ocrx_word' id='word_1_104' title='bbox 403 1693 455 1757; x_wconf 81' lang='grc' dir='ltr'>διὰ</span> <span class='ocrx_word' id='word_1_105' title='bbox 480 1696 537 1779; x_wconf 86' lang='grc' dir='ltr'><strong><em>τῆν</em></strong></span> <span class='ocrx_word' id='word_1_106' title='bbox 557 1699 616 1758; x_wconf 77' lang='grc' dir='ltr'><strong><em>τοῦ</em></strong></span> <span class='ocrx_word' id='word_1_107' title='bbox 639 1698 780 1776; x_wconf 79' lang='grc' dir='ltr'><strong><em>πολέμου</em></strong></span> <span class='ocrx_word' id='word_1_108' title='bbox 801 1697 1012 1780; x_wconf 69' lang='grc' dir='ltr'><strong><em>προσδοκιαν,</em></strong></span> <span class='ocrx_word' id='word_1_109' title='bbox 1038 1695 1081 1774; x_wconf 83' lang='grc' dir='ltr'>οός</span> <span class='ocrx_word' id='word_1_110' title='bbox 1102 1694 1191 1781; x_wconf 69' lang='grc' dir='ltr'><strong><em>παρὰ</em></strong></span> <span class='ocrx_word' id='word_1_111' title='bbox 1245 1676 1252 1696; x_wconf 62' lang='grc'><strong>’</strong></span> 
     </span>
     <span class='ocr_line' id='line_1_15' title="bbox 77 1793 1331 1884; baseline 0.002 -22"><span class='ocrx_word' id='word_1_112' title='bbox 77 1799 152 1862; x_wconf 75' lang='grc' dir='ltr'><strong><em>τῶν</em></strong></span> <span class='ocrx_word' id='word_1_113' title='bbox 168 1793 531 1879; x_wconf 54' lang='grc' dir='ltr'><strong><em>σκοπιόνιᾶυηγγέλλετο.</em></strong></span> <span class='ocrx_word' id='word_1_114' title='bbox 586 1799 626 1884; x_wconf 79' lang='grc' dir='ltr'><strong><em>τῇ</em></strong></span> <span class='ocrx_word' id='word_1_115' title='bbox 661 1798 689 1859; x_wconf 88' lang='grc' dir='ltr'>δ’</span> <span class='ocrx_word' id='word_1_116' title='bbox 711 1794 864 1880; x_wconf 72' lang='grc' dir='ltr'><strong><em>ἐπαύριον</em></strong></span> <span class='ocrx_word' id='word_1_117' title='bbox 889 1797 1027 1884; x_wconf 75' lang='grc' dir='ltr'><strong><em>δημοσίᾳ</em></strong></span> <span class='ocrx_word' id='word_1_118' title='bbox 1055 1800 1220 1871; x_wconf 64' lang='lat' dir='ltr'>anacteas.</span> <span class='ocrx_word' id='word_1_119' title='bbox 1240 1806 1331 1864; x_wconf 74' lang='lat' dir='ltr'>tote.</span> 
     </span>
     <span class='ocr_line' id='line_1_16' title="bbox 25 1891 1192 1986; baseline -0.002 -24"><span class='ocrx_word' id='word_1_120' title='bbox 25 1895 164 1971; x_wconf 74' lang='grc' dir='ltr'><strong><em>λότοιίς</em></strong></span> <span class='ocrx_word' id='word_1_121' title='bbox 185 1891 365 1972; x_wconf 73' lang='grc' dir='ltr'><strong><em>ἑαλωκότας</em></strong></span> <span class='ocrx_word' id='word_1_122' title='bbox 383 1899 445 1961; x_wconf 74' lang='grc' dir='ltr'><strong><em>τῶν</em></strong></span> <span class='ocrx_word' id='word_1_123' title='bbox 465 1899 624 1977; x_wconf 77' lang='grc' dir='ltr'><strong><em>πολεμίων</em></strong></span> <span class='ocrx_word' id='word_1_124' title='bbox 644 1899 767 1961; x_wconf 79' lang='grc' dir='ltr'><strong><em>κατεῖδε</em></strong></span> <span class='ocrx_word' id='word_1_125' title='bbox 781 1895 836 1960; x_wconf 80' lang='grc' dir='ltr'><strong><em>κατ’</em></strong></span> <span class='ocrx_word' id='word_1_126' title='bbox 851 1898 893 1983; x_wconf 78' lang='grc' dir='ltr'><strong><em>τῇ</em></strong></span> <span class='ocrx_word' id='word_1_127' title='bbox 905 1902 1069 1986; x_wconf 71' lang='grc' dir='ltr'><strong><em>τελευταίᾳ</em></strong></span> <span class='ocrx_word' id='word_1_128' title='bbox 1091 1895 1192 1983; x_wconf 77' lang='grc' dir='ltr'>ψήφῳ</span> 
     </span>
     <span class='ocr_line' id='line_1_17' title="bbox 82 1989 1194 2082; baseline -0.002 -21"><span class='ocrx_word' id='word_1_129' title='bbox 82 1989 221 2070; x_wconf 70' lang='grc' dir='ltr'><strong><em>τούτους</em></strong></span> <span class='ocrx_word' id='word_1_130' title='bbox 245 1998 466 2081; x_wconf 71' lang='grc' dir='ltr'><strong><em>παραδοθῆναι</em></strong></span> <span class='ocrx_word' id='word_1_131' title='bbox 484 2000 667 2079; x_wconf 76' lang='grc' dir='ltr'><strong><em>προσέταξε,</em></strong></span> <span class='ocrx_word' id='word_1_132' title='bbox 687 1995 825 2080; x_wconf 76' lang='grc' dir='ltr'><strong><em>μηδενός</em></strong></span> <span class='ocrx_word' id='word_1_133' title='bbox 841 1993 879 2060; x_wconf 74' lang='grc' dir='ltr'><strong><em>τό</em></strong></span> <span class='ocrx_word' id='word_1_134' title='bbox 901 1993 1054 2079; x_wconf 87' lang='grc' dir='ltr'><strong><em>παρόπαν</em></strong></span> <span class='ocrx_word' id='word_1_135' title='bbox 1076 1991 1194 2082; x_wconf 83' lang='grc' dir='ltr'><strong><em>φεισό-</em></strong></span> 
     </span>
     <span class='ocr_line' id='line_1_18' title="bbox 80 2093 1192 2182; baseline 0.001 -21"><span class='ocrx_word' id='word_1_136' title='bbox 80 2119 191 2179; x_wconf 76' lang='grc' dir='ltr'><strong><em>μενος,</em></strong></span> <span class='ocrx_word' id='word_1_137' title='bbox 211 2093 281 2180; x_wconf 80' lang='grc' dir='ltr'><strong><em>μήτ’</em></strong></span> <span class='ocrx_word' id='word_1_138' title='bbox 304 2101 407 2162; x_wconf 83' lang='grc' dir='ltr'><strong><em>ου’τσό</em></strong></span> <span class='ocrx_word' id='word_1_139' title='bbox 426 2099 481 2162; x_wconf 82' lang='grc' dir='ltr'><strong><em>τοῦ</em></strong></span> <span class='ocrx_word' id='word_1_140' title='bbox 499 2095 555 2181; x_wconf 87' lang='grc' dir='ltr'><strong><em>τῆν</em></strong></span> <span class='ocrx_word' id='word_1_141' title='bbox 568 2093 757 2181; x_wconf 84' lang='grc' dir='ltr'><strong><em>ῆγεμονικῆν</em></strong></span> <span class='ocrx_word' id='word_1_142' title='bbox 778 2097 953 2179; x_wconf 75' lang='grc' dir='ltr'><strong><em>αδχοόντος</em></strong></span> <span class='ocrx_word' id='word_1_143' title='bbox 973 2093 1192 2182; x_wconf 86' lang='grc' dir='ltr'><strong><em>λαμπρότητα.</em></strong></span> 
     </span>
     <span class='ocr_line' id='line_1_19' title="bbox 85 2190 1195 2282; baseline 0 -22"><span class='ocrx_word' id='word_1_144' title='bbox 85 2193 125 2273; x_wconf 67' lang='grc' dir='ltr'>ὃς</span> <span class='ocrx_word' id='word_1_145' title='bbox 146 2197 203 2262; x_wconf 82' lang='grc' dir='ltr'>καί</span> <span class='ocrx_word' id='word_1_146' title='bbox 216 2194 277 2262; x_wconf 78' lang='grc' dir='ltr'>αἀό</span> <span class='ocrx_word' id='word_1_147' title='bbox 301 2201 355 2282; x_wconf 83' lang='grc' dir='ltr'><strong><em>τῆς</em></strong></span> <span class='ocrx_word' id='word_1_148' title='bbox 377 2201 511 2281; x_wconf 73' lang='grc' dir='ltr'><strong><em>ἐσθῆτος</em></strong></span> <span class='ocrx_word' id='word_1_149' title='bbox 528 2200 787 2282; x_wconf 75' lang='grc' dir='ltr'><strong><em>(λαμπρειμσνοῖν</em></strong></span> <span class='ocrx_word' id='word_1_150' title='bbox 801 2196 864 2281; x_wconf 79' lang='grc' dir='ltr'>γὰρ</span> <span class='ocrx_word' id='word_1_151' title='bbox 880 2190 918 2280; x_wconf 78' lang='grc' dir='ltr'>ῆι</span> <span class='ocrx_word' id='word_1_152' title='bbox 938 2201 973 2263; x_wconf 74' lang='grc' dir='ltr'>ἐν</span> <span class='ocrx_word' id='word_1_153' title='bbox 996 2206 1063 2273; x_wconf 75' lang='grc' dir='ltr'><strong><em>τοῖς</em></strong></span> <span class='ocrx_word' id='word_1_154' title='bbox 1085 2192 1195 2275; x_wconf 85' lang='grc' dir='ltr'><strong><em>όπλοις</em></strong></span> 
     </span>
     <span class='ocr_line' id='line_1_20' title="bbox 79 2291 1194 2388; baseline 0.002 -26"><span class='ocrx_word' id='word_1_155' title='bbox 79 2297 145 2362; x_wconf 81' lang='grc' dir='ltr'><strong><em>καί</em></strong></span> <span class='ocrx_word' id='word_1_156' title='bbox 165 2303 203 2388; x_wconf 78' lang='grc' dir='ltr'><strong><em>τῇ</em></strong></span> <span class='ocrx_word' id='word_1_157' title='bbox 238 2291 317 2387; x_wconf 78' lang='grc' dir='ltr'><strong><em>όλλῃ</em></strong></span> <span class='ocrx_word' id='word_1_158' title='bbox 340 2301 455 2387; x_wconf 78' lang='grc' dir='ltr'><strong><em>σκευῇ)</em></strong></span> <span class='ocrx_word' id='word_1_159' title='bbox 489 2302 701 2383; x_wconf 77' lang='grc' dir='ltr'><strong><em>ἐμαρτυρεῖτο</em></strong></span> <span class='ocrx_word' id='word_1_160' title='bbox 731 2302 891 2382; x_wconf 76' lang='grc' dir='ltr'><strong><em>τοιοῦτος,</em></strong></span> <span class='ocrx_word' id='word_1_161' title='bbox 923 2299 956 2364; x_wconf 77' lang='grc' dir='ltr'>εἰ</span> <span class='ocrx_word' id='word_1_162' title='bbox 985 2302 1041 2364; x_wconf 81' lang='grc' dir='ltr'><strong><em>καί</em></strong></span> <span class='ocrx_word' id='word_1_163' title='bbox 1069 2301 1194 2364; x_wconf 85' lang='grc' dir='ltr'><strong><em>πολλοόν</em></strong></span> 
     </span>
     <span class='ocr_line' id='line_1_21' title="bbox 33 2394 1195 2487; baseline 0.001 -22"><span class='ocrx_word' id='word_1_164' title='bbox 33 2394 211 2485; x_wconf 62' lang='grc' dir='ltr'><strong><em>νθλότροον</em></strong></span> <span class='ocrx_word' id='word_1_165' title='bbox 231 2396 346 2466; x_wconf 74' lang='grc' dir='ltr'><strong><em>ἑαυτὸν</em></strong></span> <span class='ocrx_word' id='word_1_166' title='bbox 370 2394 463 2465; x_wconf 71' lang='grc' dir='ltr'><strong><em>ὤνιον</em></strong></span> <span class='ocrx_word' id='word_1_167' title='bbox 490 2402 688 2483; x_wconf 76' lang='grc' dir='ltr'><strong><em>ποιήσασθαι</em></strong></span> <span class='ocrx_word' id='word_1_168' title='bbox 708 2398 927 2487; x_wconf 74' lang='grc' dir='ltr'><strong><em>ἐπηγγέλλετο,</em></strong></span> <span class='ocrx_word' id='word_1_169' title='bbox 946 2401 1001 2466; x_wconf 80' lang='grc' dir='ltr'><strong><em>κατ’</em></strong></span> <span class='ocrx_word' id='word_1_170' title='bbox 1015 2402 1195 2484; x_wconf 71' lang='grc' dir='ltr'><strong><em>Ῥοιμαιλννς</em></strong></span> 
     </span>
     <span class='ocr_line' id='line_1_22' title="bbox 86 2497 1018 2591; baseline 0.003 -26"><span class='ocrx_word' id='word_1_171' title='bbox 86 2500 317 2583; x_wconf 79' lang='grc' dir='ltr'><strong><em>αἰχμαλώτους</em></strong></span> <span class='ocrx_word' id='word_1_172' title='bbox 338 2497 455 2566; x_wconf 70' lang='grc' dir='ltr'><strong><em>ἑαυτοῦ</em></strong></span> <span class='ocrx_word' id='word_1_173' title='bbox 479 2502 661 2566; x_wconf 75' lang='grc' dir='ltr'><strong><em>ἀντιδοῦναι</em></strong></span> <span class='ocrx_word' id='word_1_174' title='bbox 676 2505 720 2591; x_wconf 71' lang='grc' dir='ltr'><strong><em>τῷ</em></strong></span> <span class='ocrx_word' id='word_1_175' title='bbox 738 2501 856 2585; x_wconf 76' lang='grc' dir='ltr'><strong><em>πλῆθει</em></strong></span> <span class='ocrx_word' id='word_1_176' title='bbox 874 2500 1018 2578; x_wconf 84' lang='grc' dir='ltr'><strong><em>πολλοός.</em></strong></span> 
     </span>
    </p>
   </div>
   <div class='ocr_carea' id='block_1_3' title="bbox 192 2599 1194 2691">
    <p class='ocr_par' dir='ltr' id='par_1_3' title="bbox 192 2599 1194 2691">
     <span class='ocr_line' id='line_1_23' title="bbox 192 2599 1194 2691; baseline 0.002 -26"><span class='ocrx_word' id='word_1_177' title='bbox 192 2600 433 2688; x_wconf 79' lang='grc' dir='ltr'><strong><em>Τριημερεόσας</em></strong></span> <span class='ocrx_word' id='word_1_178' title='bbox 449 2606 478 2667; x_wconf 89' lang='grc' dir='ltr'>δ’</span> <span class='ocrx_word' id='word_1_179' title='bbox 500 2604 534 2668; x_wconf 79' lang='grc' dir='ltr'>ἐν</span> <span class='ocrx_word' id='word_1_180' title='bbox 551 2604 591 2690; x_wconf 81' lang='grc' dir='ltr'><strong><em>τῇ</em></strong></span> <span class='ocrx_word' id='word_1_181' title='bbox 614 2606 804 2689; x_wconf 77' lang='grc' dir='ltr'><strong><em>παρεμβολῇ</em></strong></span> <span class='ocrx_word' id='word_1_182' title='bbox 825 2602 843 2667; x_wconf 85' lang='grc' dir='ltr'><strong><em>ό</em></strong></span> <span class='ocrx_word' id='word_1_183' title='bbox 865 2599 1027 2687; x_wconf 78' lang='grc' dir='ltr'><strong><em>βασιλεός,</em></strong></span> <span class='ocrx_word' id='word_1_184' title='bbox 1047 2605 1092 2691; x_wconf 75' lang='grc' dir='ltr'><strong><em>τῷ</em></strong></span> <span class='ocrx_word' id='word_1_185' title='bbox 1110 2622 1194 2687; x_wconf 77' lang='grc' dir='ltr'><strong><em>προ·</em></strong></span> 
     </span>
    </p>
   </div>
   <div class='ocr_carea' id='block_1_4' title="bbox 84 2697 1195 2793">
    <p class='ocr_par' dir='ltr' id='par_1_4' title="bbox 84 2697 1195 2793">
     <span class='ocr_line' id='line_1_24' title="bbox 84 2697 1195 2793; baseline 0.003 -24"><span class='ocrx_word' id='word_1_186' title='bbox 84 2702 245 2789; x_wconf 85' lang='grc' dir='ltr'><strong><em>τερῆματι</em></strong></span> <span class='ocrx_word' id='word_1_187' title='bbox 265 2703 365 2793; x_wconf 75' lang='grc' dir='ltr'><strong><em>τούτῳ</em></strong></span> <span class='ocrx_word' id='word_1_188' title='bbox 397 2702 492 2789; x_wconf 88' lang='grc' dir='ltr'><strong><em>κόρον</em></strong></span> <span class='ocrx_word' id='word_1_189' title='bbox 524 2708 623 2791; x_wconf 80' lang='grc' dir='ltr'><strong><em>δῆθεν</em></strong></span> <span class='ocrx_word' id='word_1_190' title='bbox 653 2703 762 2788; x_wconf 65' lang='lat' dir='ltr'>tanae</span> <span class='ocrx_word' id='word_1_191' title='bbox 783 2697 806 2791; x_wconf 84' lang='grc' dir='ltr'><strong><em>ῆ</em></strong></span> <span class='ocrx_word' id='word_1_192' title='bbox 826 2710 1049 2791; x_wconf 69' lang='grc' dir='ltr'><strong><em>μεγαλαυχῶν,</em></strong></span> <span class='ocrx_word' id='word_1_193' title='bbox 1072 2703 1195 2792; x_wconf 71' lang='grc' dir='ltr'><strong><em>πολλὴν</em></strong></span> 
     </span>
    </p>
   </div>
   <div class='ocr_carea' id='block_1_5' title="bbox 67 2992 1267 4119">
    <p class='ocr_par' dir='ltr' id='par_1_5' title="bbox 67 2992 1267 4119">
     <span class='ocr_line' id='line_1_25' title="bbox 87 2992 1192 3062; baseline -0.003 -14"><span class='ocrx_word' id='word_1_194' title='bbox 87 3010 157 3060; x_wconf 87' lang='lat' dir='ltr'>rum,</span> <span class='ocrx_word' id='word_1_195' title='bbox 179 2992 382 3062; x_wconf 74' lang='lat' dir='ltr'>praeteriissent</span> <span class='ocrx_word' id='word_1_196' title='bbox 401 2993 509 3047; x_wconf 87' lang='lat' dir='ltr'>lunares</span> <span class='ocrx_word' id='word_1_197' title='bbox 528 2992 589 3047; x_wconf 85' lang='lat' dir='ltr'>illas</span> <span class='ocrx_word' id='word_1_198' title='bbox 609 2992 696 3046; x_wconf 88' lang='lat' dir='ltr'>valles</span> <span class='ocrx_word' id='word_1_199' title='bbox 716 3000 743 3044; x_wconf 89' lang='lat' dir='ltr'>et</span> <span class='ocrx_word' id='word_1_200' title='bbox 763 2999 825 3059; x_wconf 88' lang='lat' dir='ltr'>post</span> <span class='ocrx_word' id='word_1_201' title='bbox 843 3006 890 3045; x_wconf 87' lang='lat' dir='ltr'>cos</span> <span class='ocrx_word' id='word_1_202' title='bbox 910 2992 1058 3057; x_wconf 80' lang='lat' dir='ltr'>venissent,</span> <span class='ocrx_word' id='word_1_203' title='bbox 1077 2992 1192 3046; x_wconf 83' lang='lat' dir='ltr'>insidiae</span> 
     </span>
     <span class='ocr_line' id='line_1_26' title="bbox 87 3064 1191 3130; baseline -0.003 -12"><span class='ocrx_word' id='word_1_204' title='bbox 87 3066 233 3119; x_wconf 87' lang='lat' dir='ltr'>&#39;lurcarnm</span> <span class='ocrx_word' id='word_1_205' title='bbox 252 3066 412 3117; x_wconf 72' lang='lat' dir='ltr'>constitutae</span> <span class='ocrx_word' id='word_1_206' title='bbox 430 3067 457 3116; x_wconf 91' lang='lat' dir='ltr'>in</span> <span class='ocrx_word' id='word_1_207' title='bbox 477 3066 591 3117; x_wconf 91' lang='lat' dir='ltr'>obscuro</span> <span class='ocrx_word' id='word_1_208' title='bbox 613 3065 721 3117; x_wconf 83' lang='lat' dir='ltr'>Graecis</span> <span class='ocrx_word' id='word_1_209' title='bbox 750 3064 844 3115; x_wconf 84' lang='lat' dir='ltr'>eastris</span> <span class='ocrx_word' id='word_1_210' title='bbox 863 3064 1117 3130; x_wconf 81' lang='lat' dir='ltr'>appropinquarunt,</span> <span class='ocrx_word' id='word_1_211' title='bbox 1137 3078 1191 3115; x_wconf 91' lang='lat' dir='ltr'>non</span> 
     </span>
     <span class='ocr_line' id='line_1_27' title="bbox 87 3133 1192 3206; baseline -0.005 -18"><span class='ocrx_word' id='word_1_212' title='bbox 87 3152 234 3206; x_wconf 77' lang='lat' dir='ltr'>paucorum</span> <span class='ocrx_word' id='word_1_213' title='bbox 255 3136 387 3187; x_wconf 88' lang='lat' dir='ltr'>hominum</span> <span class='ocrx_word' id='word_1_214' title='bbox 406 3152 533 3201; x_wconf 89' lang='lat' dir='ltr'>numero,</span> <span class='ocrx_word' id='word_1_215' title='bbox 560 3150 626 3203; x_wconf 87' lang='lat' dir='ltr'>quos</span> <span class='ocrx_word' id='word_1_216' title='bbox 652 3135 741 3187; x_wconf 83' lang='lat' dir='ltr'>relicti</span> <span class='ocrx_word' id='word_1_217' title='bbox 758 3136 786 3185; x_wconf 90' lang='lat' dir='ltr'>in</span> <span class='ocrx_word' id='word_1_218' title='bbox 802 3135 935 3199; x_wconf 83' lang='lat' dir='ltr'>praesidio</span> <span class='ocrx_word' id='word_1_219' title='bbox 959 3133 1060 3185; x_wconf 81' lang='lat' dir='ltr'>milites</span> <span class='ocrx_word' id='word_1_220' title='bbox 1086 3134 1192 3200; x_wconf 65' lang='lat' dir='ltr'>excipi·-</span> 
     </span>
     <span class='ocr_line' id='line_1_28' title="bbox 88 3205 1267 3271; baseline -0.004 -11"><span class='ocrx_word' id='word_1_221' title='bbox 88 3218 182 3271; x_wconf 89' lang='lat' dir='ltr'>eutes‚</span> <span class='ocrx_word' id='word_1_222' title='bbox 211 3214 273 3258; x_wconf 89' lang='lat' dir='ltr'>ante</span> <span class='ocrx_word' id='word_1_223' title='bbox 308 3222 399 3261; x_wconf 87' lang='lat' dir='ltr'>omncs</span> <span class='ocrx_word' id='word_1_224' title='bbox 431 3217 519 3261; x_wconf 88' lang='lat' dir='ltr'>autem</span> <span class='ocrx_word' id='word_1_225' title='bbox 544 3208 640 3259; x_wconf 87' lang='lat' dir='ltr'>Franci</span> <span class='ocrx_word' id='word_1_226' title='bbox 669 3214 696 3257; x_wconf 91' lang='lat' dir='ltr'>et</span> <span class='ocrx_word' id='word_1_227' title='bbox 721 3207 841 3257; x_wconf 87' lang='lat' dir='ltr'>corninus</span> <span class='ocrx_word' id='word_1_228' title='bbox 865 3205 898 3256; x_wconf 86' lang='lat' dir='ltr'>iis</span> <span class='ocrx_word' id='word_1_229' title='bbox 926 3206 1044 3256; x_wconf 83' lang='lat' dir='ltr'>conserti</span> <span class='ocrx_word' id='word_1_230' title='bbox 1072 3212 1099 3255; x_wconf 87' lang='lat' dir='ltr'>et</span> <span class='ocrx_word' id='word_1_231' title='bbox 1126 3206 1192 3257; x_wconf 78' lang='lat' dir='ltr'>setis</span> <span class='ocrx_word' id='word_1_232' title='bbox 1261 3219 1267 3225; x_wconf 89' lang='grc'><em>’</em></span> 
     </span>
     <span class='ocr_line' id='line_1_29' title="bbox 89 3274 1191 3349; baseline -0.005 -18"><span class='ocrx_word' id='word_1_233' title='bbox 89 3288 225 3331; x_wconf 81' lang='lat' dir='ltr'>certantes</span> <span class='ocrx_word' id='word_1_234' title='bbox 251 3288 390 3331; x_wconf 85' lang='lat' dir='ltr'>verterunt</span> <span class='ocrx_word' id='word_1_235' title='bbox 412 3282 439 3332; x_wconf 92' lang='lat' dir='ltr'>in</span> <span class='ocrx_word' id='word_1_236' title='bbox 472 3282 576 3349; x_wconf 85' lang='lat' dir='ltr'>lugam,</span> <span class='ocrx_word' id='word_1_237' title='bbox 602 3277 678 3331; x_wconf 92' lang='lat' dir='ltr'>nullo</span> <span class='ocrx_word' id='word_1_238' title='bbox 702 3276 860 3330; x_wconf 80' lang='lat' dir='ltr'>adstantium</span> <span class='ocrx_word' id='word_1_239' title='bbox 885 3276 1005 3328; x_wconf 85' lang='lat' dir='ltr'>ordinum</span> <span class='ocrx_word' id='word_1_240' title='bbox 1031 3274 1191 3328; x_wconf 76' lang='lat' dir='ltr'>Graecorum</span> 
     </span>
     <span class='ocr_line' id='line_1_30' title="bbox 87 3347 1192 3419; baseline -0.005 -15"><span class='ocrx_word' id='word_1_241' title='bbox 87 3352 198 3405; x_wconf 84' lang='lat' dir='ltr'>Francis</span> <span class='ocrx_word' id='word_1_242' title='bbox 223 3366 258 3402; x_wconf 91' lang='lat' dir='ltr'>ne</span> <span class='ocrx_word' id='word_1_243' title='bbox 295 3351 326 3402; x_wconf 89' lang='lat' dir='ltr'>ad</span> <span class='ocrx_word' id='word_1_244' title='bbox 356 3351 504 3419; x_wconf 85' lang='lat' dir='ltr'>simplicem</span> <span class='ocrx_word' id='word_1_245' title='bbox 537 3351 643 3419; x_wconf 88' lang='lat' dir='ltr'>quidem</span> <span class='ocrx_word' id='word_1_246' title='bbox 674 3350 800 3416; x_wconf 87' lang='lat' dir='ltr'>impeturn</span> <span class='ocrx_word' id='word_1_247' title='bbox 831 3347 932 3404; x_wconf 79' lang='lat' dir='ltr'>auxilio</span> <span class='ocrx_word' id='word_1_248' title='bbox 960 3348 1098 3399; x_wconf 82' lang='lat' dir='ltr'>veniente.</span> <span class='ocrx_word' id='word_1_249' title='bbox 1146 3347 1192 3398; x_wconf 81' lang='lat' dir='ltr'>in-</span> 
     </span>
     <span class='ocr_line' id='line_1_31' title="bbox 87 3418 1190 3489; baseline -0.006 -14"><span class='ocrx_word' id='word_1_250' title='bbox 87 3433 165 3476; x_wconf 88' lang='lat' dir='ltr'>terea</span> <span class='ocrx_word' id='word_1_251' title='bbox 182 3431 269 3474; x_wconf 87' lang='lat' dir='ltr'>autern</span> <span class='ocrx_word' id='word_1_252' title='bbox 287 3438 413 3475; x_wconf 87' lang='lat' dir='ltr'>reversus</span> <span class='ocrx_word' id='word_1_253' title='bbox 434 3432 474 3475; x_wconf 88' lang='lat' dir='ltr'>est</span> <span class='ocrx_word' id='word_1_254' title='bbox 491 3438 540 3474; x_wconf 81' lang='lat' dir='ltr'>rex</span> <span class='ocrx_word' id='word_1_255' title='bbox 558 3439 574 3474; x_wconf 89' lang='lat' dir='ltr'>a</span> <span class='ocrx_word' id='word_1_256' title='bbox 593 3422 799 3489; x_wconf 81' lang='lat' dir='ltr'>persecutione3</span> <span class='ocrx_word' id='word_1_257' title='bbox 818 3418 866 3471; x_wconf 89' lang='lat' dir='ltr'>sub</span> <span class='ocrx_word' id='word_1_258' title='bbox 876 3434 1018 3487; x_wconf 86' lang='lat' dir='ltr'>vesperum</span> <span class='ocrx_word' id='word_1_259' title='bbox 1032 3419 1103 3471; x_wconf 89' lang='lat' dir='ltr'>enim</span> <span class='ocrx_word' id='word_1_260' title='bbox 1123 3425 1190 3471; x_wconf 80' lang='lat' dir='ltr'>erat.</span> 
     </span>
     <span class='ocr_line' id='line_1_32' title="bbox 89 3489 1192 3561; baseline -0.005 -14"><span class='ocrx_word' id='word_1_261' title='bbox 89 3510 149 3547; x_wconf 89' lang='lat' dir='ltr'>cum</span> <span class='ocrx_word' id='word_1_262' title='bbox 170 3495 247 3545; x_wconf 87' lang='lat' dir='ltr'>etlam</span> <span class='ocrx_word' id='word_1_263' title='bbox 267 3492 367 3545; x_wconf 88' lang='lat' dir='ltr'>bellum</span> <span class='ocrx_word' id='word_1_264' title='bbox 388 3496 460 3546; x_wconf 89' lang='lat' dir='ltr'>circa</span> <span class='ocrx_word' id='word_1_265' title='bbox 478 3510 620 3561; x_wconf 86' lang='lat' dir='ltr'>vesperum</span> <span class='ocrx_word' id='word_1_266' title='bbox 637 3493 816 3544; x_wconf 83' lang='lat' dir='ltr'>consisteret:</span> <span class='ocrx_word' id='word_1_267' title='bbox 844 3492 934 3559; x_wconf 81' lang='lat' dir='ltr'>quiete</span> <span class='ocrx_word' id='word_1_268' title='bbox 958 3492 1078 3542; x_wconf 78' lang='lat' dir='ltr'>exercitu</span> <span class='ocrx_word' id='word_1_269' title='bbox 1097 3489 1192 3557; x_wconf 79' lang='lat' dir='ltr'>ingre-</span> 
     </span>
     <span class='ocr_line' id='line_1_33' title="bbox 67 3560 1191 3641; baseline -0.01 -22"><span class='ocrx_word' id='word_1_270' title='bbox 67 3568 179 3641; x_wconf 37' lang='lat' dir='ltr'>‘cliente</span> <span class='ocrx_word' id='word_1_271' title='bbox 196 3573 276 3618; x_wconf 86' lang='lat' dir='ltr'>antea</span> <span class='ocrx_word' id='word_1_272' title='bbox 294 3573 321 3616; x_wconf 90' lang='lat' dir='ltr'>et</span> <span class='ocrx_word' id='word_1_273' title='bbox 340 3574 449 3617; x_wconf 86' lang='lat' dir='ltr'>curante</span> <span class='ocrx_word' id='word_1_274' title='bbox 467 3566 628 3617; x_wconf 82' lang='lat' dir='ltr'>infirmiores</span> <span class='ocrx_word' id='word_1_275' title='bbox 654 3572 681 3615; x_wconf 93' lang='lat' dir='ltr'>et</span> <span class='ocrx_word' id='word_1_276' title='bbox 707 3564 811 3631; x_wconf 85' lang='lat' dir='ltr'>pedites</span> <span class='ocrx_word' id='word_1_277' title='bbox 834 3570 944 3630; x_wconf 86' lang='lat' dir='ltr'>propter</span> <span class='ocrx_word' id='word_1_278' title='bbox 961 3560 1028 3613; x_wconf 86' lang='lat' dir='ltr'>belli</span> <span class='ocrx_word' id='word_1_279' title='bbox 1047 3569 1191 3628; x_wconf 80' lang='lat' dir='ltr'>exspecta.</span> 
     </span>
     <span class='ocr_line' id='line_1_34' title="bbox 87 3632 1191 3703; baseline -0.006 -14"><span class='ocrx_word' id='word_1_280' title='bbox 87 3640 209 3701; x_wconf 79' lang='lat' dir='ltr'>tionem,</span> <span class='ocrx_word' id='word_1_281' title='bbox 235 3645 264 3688; x_wconf 90' lang='lat' dir='ltr'>ut</span> <span class='ocrx_word' id='word_1_282' title='bbox 288 3634 535 3703; x_wconf 85' lang='lat' dir='ltr'>aspeeulatoribus</span> <span class='ocrx_word' id='word_1_283' title='bbox 553 3634 731 3688; x_wconf 85' lang='lat' dir='ltr'>nuntiabatur.</span> <span class='ocrx_word' id='word_1_284' title='bbox 775 3633 886 3686; x_wconf 83' lang='lat' dir='ltr'>Postero</span> <span class='ocrx_word' id='word_1_285' title='bbox 913 3640 1001 3685; x_wconf 84' lang='lat' dir='ltr'>autem</span> <span class='ocrx_word' id='word_1_286' title='bbox 1020 3635 1063 3685; x_wconf 87' lang='lat' dir='ltr'>die</span> <span class='ocrx_word' id='word_1_287' title='bbox 1081 3632 1191 3699; x_wconf 87' lang='lat' dir='ltr'>publiee</span> 
     </span>
     <span class='ocr_line' id='line_1_35' title="bbox 89 3704 1190 3775; baseline -0.005 -16"><span class='ocrx_word' id='word_1_288' title='bbox 89 3709 254 3760; x_wconf 86' lang='lat' dir='ltr'>constituens</span> <span class='ocrx_word' id='word_1_289' title='bbox 280 3716 372 3775; x_wconf 87' lang='lat' dir='ltr'>captos</span> <span class='ocrx_word' id='word_1_290' title='bbox 394 3706 484 3761; x_wconf 86' lang='lat' dir='ltr'>hostes</span> <span class='ocrx_word' id='word_1_291' title='bbox 513 3708 693 3759; x_wconf 84' lang='lat' dir='ltr'>consideravit</span> <span class='ocrx_word' id='word_1_292' title='bbox 722 3714 749 3759; x_wconf 92' lang='lat' dir='ltr'>et</span> <span class='ocrx_word' id='word_1_293' title='bbox 773 3706 882 3757; x_wconf 85' lang='lat' dir='ltr'>ultimae</span> <span class='ocrx_word' id='word_1_294' title='bbox 907 3706 1056 3756; x_wconf 87' lang='lat' dir='ltr'>sententiae</span> <span class='ocrx_word' id='word_1_295' title='bbox 1073 3704 1190 3755; x_wconf 78' lang='lat' dir='ltr'>iudicum</span> 
     </span>
     <span class='ocr_line' id='line_1_36' title="bbox 89 3774 1190 3847; baseline -0.008 -16"><span class='ocrx_word' id='word_1_296' title='bbox 89 3780 157 3832; x_wconf 87' lang='lat' dir='ltr'>tradi</span> <span class='ocrx_word' id='word_1_297' title='bbox 177 3778 263 3843; x_wconf 85' lang='lat' dir='ltr'>lussit,</span> <span class='ocrx_word' id='word_1_298' title='bbox 283 3778 383 3829; x_wconf 90' lang='lat' dir='ltr'>nemini</span> <span class='ocrx_word' id='word_1_299' title='bbox 403 3779 509 3830; x_wconf 86' lang='lat' dir='ltr'>omnino</span> <span class='ocrx_word' id='word_1_300' title='bbox 528 3793 640 3846; x_wconf 87' lang='lat' dir='ltr'>parcens</span> <span class='ocrx_word' id='word_1_301' title='bbox 659 3775 749 3847; x_wconf 83' lang='lat' dir='ltr'>neque</span> <span class='ocrx_word' id='word_1_302' title='bbox 773 3778 825 3843; x_wconf 86' lang='lat' dir='ltr'>ipsi</span> <span class='ocrx_word' id='word_1_303' title='bbox 843 3774 1042 3841; x_wconf 84' lang='lat' dir='ltr'>imperatorium</span> <span class='ocrx_word' id='word_1_304' title='bbox 1061 3774 1190 3842; x_wconf 81' lang='lat' dir='ltr'>splendo-</span> 
     </span>
     <span class='ocr_line' id='line_1_37' title="bbox 88 3844 1241 3918; baseline -0.007 -16"><span class='ocrx_word' id='word_1_305' title='bbox 88 3866 144 3902; x_wconf 89' lang='lat' dir='ltr'>rem</span> <span class='ocrx_word' id='word_1_306' title='bbox 161 3852 287 3914; x_wconf 85' lang='lat' dir='ltr'>iactanti‚</span> <span class='ocrx_word' id='word_1_307' title='bbox 313 3852 358 3918; x_wconf 90' lang='lat' dir='ltr'>qui</span> <span class='ocrx_word' id='word_1_308' title='bbox 385 3851 490 3918; x_wconf 88' lang='lat' dir='ltr'>quidem</span> <span class='ocrx_word' id='word_1_309' title='bbox 515 3852 594 3901; x_wconf 88' lang='lat' dir='ltr'>etiam</span> <span class='ocrx_word' id='word_1_310' title='bbox 614 3850 714 3902; x_wconf 84' lang='lat' dir='ltr'>vestitu</span> <span class='ocrx_word' id='word_1_311' title='bbox 742 3846 897 3917; x_wconf 83' lang='lat' dir='ltr'>(splendide</span> <span class='ocrx_word' id='word_1_312' title='bbox 915 3844 986 3895; x_wconf 88' lang='lat' dir='ltr'>enim</span> <span class='ocrx_word' id='word_1_313' title='bbox 1004 3855 1060 3897; x_wconf 83' lang='lat' dir='ltr'>erat</span> <span class='ocrx_word' id='word_1_314' title='bbox 1077 3847 1190 3899; x_wconf 85' lang='lat' dir='ltr'>vestitus</span> <span class='ocrx_word' id='word_1_315' title='bbox 1236 3885 1241 3894; x_wconf 80' lang='grc'><em>,</em></span> 
     </span>
     <span class='ocr_line' id='line_1_38' title="bbox 88 3915 1190 3990; baseline -0.005 -17"><span class='ocrx_word' id='word_1_316' title='bbox 88 3925 117 3973; x_wconf 93' lang='lat' dir='ltr'>in</span> <span class='ocrx_word' id='word_1_317' title='bbox 137 3923 216 3973; x_wconf 86' lang='lat' dir='ltr'>armis</span> <span class='ocrx_word' id='word_1_318' title='bbox 240 3930 267 3973; x_wconf 89' lang='lat' dir='ltr'>et</span> <span class='ocrx_word' id='word_1_319' title='bbox 284 3921 391 3988; x_wconf 89' lang='lat' dir='ltr'>reliquo</span> <span class='ocrx_word' id='word_1_320' title='bbox 411 3926 552 3990; x_wconf 88' lang='lat' dir='ltr'>apparatu)</span> <span class='ocrx_word' id='word_1_321' title='bbox 573 3920 740 3972; x_wconf 86' lang='lat' dir='ltr'>indicabatur</span> <span class='ocrx_word' id='word_1_322' title='bbox 759 3918 830 3980; x_wconf 84' lang='lat' dir='ltr'>tatis,</span> <span class='ocrx_word' id='word_1_323' title='bbox 848 3948 884 3961; x_wconf 91' lang='lat'><em>-</em></span> <span class='ocrx_word' id='word_1_324' title='bbox 901 3915 1013 3969; x_wconf 82' lang='lat' dir='ltr'>licetne</span> <span class='ocrx_word' id='word_1_325' title='bbox 1030 3918 1120 3970; x_wconf 87' lang='lat' dir='ltr'>multis</span> <span class='ocrx_word' id='word_1_326' title='bbox 1138 3931 1190 3984; x_wconf 88' lang='lat' dir='ltr'>pe-</span> 
     </span>
     <span class='ocr_line' id='line_1_39' title="bbox 91 3988 1190 4060; baseline -0.003 -16"><span class='ocrx_word' id='word_1_327' title='bbox 91 3995 176 4045; x_wconf 85' lang='lat' dir='ltr'>cuniis</span> <span class='ocrx_word' id='word_1_328' title='bbox 196 4008 225 4045; x_wconf 90' lang='lat' dir='ltr'>se</span> <span class='ocrx_word' id='word_1_329' title='bbox 244 3994 423 4045; x_wconf 87' lang='lat' dir='ltr'>redemturum</span> <span class='ocrx_word' id='word_1_330' title='bbox 450 3993 618 4060; x_wconf 86' lang='lat' dir='ltr'>promitteret</span> <span class='ocrx_word' id='word_1_331' title='bbox 643 4000 669 4043; x_wconf 89' lang='lat' dir='ltr'>et</span> <span class='ocrx_word' id='word_1_332' title='bbox 689 3992 805 4044; x_wconf 81' lang='lat' dir='ltr'>Graecos</span> <span class='ocrx_word' id='word_1_333' title='bbox 824 3988 946 4055; x_wconf 74' lang='lat' dir='ltr'>captivos</span> <span class='ocrx_word' id='word_1_334' title='bbox 964 3991 1006 4041; x_wconf 87' lang='lat' dir='ltr'>sui</span> <span class='ocrx_word' id='word_1_335' title='bbox 1027 3990 1190 4042; x_wconf 82' lang='lat' dir='ltr'>redditurum</span> 
     </span>
     <span class='ocr_line' id='line_1_40' title="bbox 89 4064 452 4119; baseline 0.006 -2"><span class='ocrx_word' id='word_1_336' title='bbox 89 4078 199 4117; x_wconf 88' lang='lat' dir='ltr'>numero</span> <span class='ocrx_word' id='word_1_337' title='bbox 219 4064 325 4119; x_wconf 85' lang='lat' dir='ltr'>multos.</span> <span class='ocrx_word' id='word_1_338' title='bbox 449 4072 452 4076; x_wconf 86' lang='lat'>&#39;</span> 
     </span>
    </p>
   </div>
   <div class='ocr_carea' id='block_1_6' title="bbox 91 4146 1191 4293">
    <p class='ocr_par' dir='ltr' id='par_1_6' title="bbox 91 4146 1191 4293">
     <span class='ocr_line' id='line_1_41' title="bbox 189 4146 1190 4215; baseline -0.007 -10"><span class='ocrx_word' id='word_1_339' title='bbox 189 4152 252 4205; x_wconf 80' lang='lat' dir='ltr'>Tres</span> <span class='ocrx_word' id='word_1_340' title='bbox 278 4162 366 4207; x_wconf 86' lang='lat' dir='ltr'>autern</span> <span class='ocrx_word' id='word_1_341' title='bbox 385 4154 442 4211; x_wconf 81' lang='lat' dir='ltr'>dies</span> <span class='ocrx_word' id='word_1_342' title='bbox 466 4161 588 4206; x_wconf 77' lang='lat' dir='ltr'>versatus</span> <span class='ocrx_word' id='word_1_343' title='bbox 614 4153 642 4203; x_wconf 93' lang='lat' dir='ltr'>in</span> <span class='ocrx_word' id='word_1_344' title='bbox 667 4151 760 4203; x_wconf 88' lang='lat' dir='ltr'>castris</span> <span class='ocrx_word' id='word_1_345' title='bbox 785 4164 835 4201; x_wconf 86' lang='lat' dir='ltr'>rex</span> <span class='ocrx_word' id='word_1_346' title='bbox 850 4148 966 4203; x_wconf 76' lang='lat' dir='ltr'>victoria</span> <span class='ocrx_word' id='word_1_347' title='bbox 991 4148 1041 4201; x_wconf 74' lang='lat' dir='ltr'>leae</span> <span class='ocrx_word' id='word_1_348' title='bbox 1059 4146 1190 4215; x_wconf 75' lang='lat' dir='ltr'>superins</span> 
     </span>
     <span class='ocr_line' id='line_1_42' title="bbox 91 4219 1191 4293; baseline -0.007 -14"><span class='ocrx_word' id='word_1_349' title='bbox 91 4225 148 4279; x_wconf 74' lang='lat' dir='ltr'>slve</span> <span class='ocrx_word' id='word_1_350' title='bbox 171 4226 273 4279; x_wconf 81' lang='lat' dir='ltr'>laetans</span> <span class='ocrx_word' id='word_1_351' title='bbox 292 4241 321 4280; x_wconf 81' lang='lat' dir='ltr'>se</span> <span class='ocrx_word' id='word_1_352' title='bbox 339 4227 446 4279; x_wconf 87' lang='lat' dir='ltr'>multam</span> <span class='ocrx_word' id='word_1_353' title='bbox 471 4227 640 4280; x_wconf 84' lang='lat' dir='ltr'>securitatem</span> <span class='ocrx_word' id='word_1_354' title='bbox 658 4222 781 4293; x_wconf 79' lang='lat' dir='ltr'>praebuit</span> <span class='ocrx_word' id='word_1_355' title='bbox 798 4222 918 4276; x_wconf 79' lang='lat' dir='ltr'>hostibus</span> <span class='ocrx_word' id='word_1_356' title='bbox 937 4222 970 4274; x_wconf 74' lang='lat' dir='ltr'>td</span> <span class='ocrx_word' id='word_1_357' title='bbox 987 4221 1086 4289; x_wconf 76' lang='grc' dir='ltr'><strong><em>ίυςιια,</em></strong></span> <span class='ocrx_word' id='word_1_358' title='bbox 1104 4219 1143 4271; x_wconf 60' lang='lat' dir='ltr'>iu</span> <span class='ocrx_word' id='word_1_359' title='bbox 1160 4223 1191 4271; x_wconf 83' lang='grc' dir='ltr'>ιλ</span> 
     </span>
    </p>
   </div>
   <div class='ocr_carea' id='block_1_7' title="bbox 0 0 1424 4750">
    <p class='ocr_par' dir='ltr' id='par_1_7' title="bbox 0 0 1424 4750">
     <span class='ocr_line' id='line_1_43' title="bbox 0 0 1424 4750; baseline 0 0"><span class='ocrx_word' id='word_1_360' title='bbox 0 0 1424 4750; x_wconf 95' lang='lat' dir='ltr'> </span> 
     </span>
    </p>
   </div>
  </div>
 </body>
</html>
