2834 4750
530 284 740 348 HISTORIA.
1002 338 1007 345 .
1077 234 1081 243 Ι
1134 279 1184 350 77

81 467 137 508 σιν
160 441 323 527 ἐπιφέρειν
347 437 581 522 έδοκιμῶζοντο,
603 445 660 506 καί
671 466 755 507 τισιν
778 442 894 526 έλίγοις
914 445 975 509 τῶν
989 443 1183 530 προσιόντων

82 534 252 628 ἢὸμαλῶς
275 543 520 626 προὸεχθέντων
555 543 658 630 αὐτῷ·
709 542 814 608 τὸδὲ
835 543 993 629 φειδωλὸν
1015 548 1070 610 καί
1104 538 1184 629 ῶγαν

78 641 266 728 ποριστικὸν
295 644 359 708 τῶν
392 633 552 726 δημοσίων
580 644 776 729 χρημάτων,
808 641 892 710 ἔστιν
918 640 965 720 οἷς
993 649 1047 710 καί
1074 645 1131 709 oda
1148 648 1184 710 έν

76 743 301 829 εὐπροσώποις
323 745 451 824 αἰτίαις,
473 744 526 806 καί
546 739 580 806 τὸ
603 751 671 808 κατ’
693 745 1049 831 έξοοσιὸινὸικαοτικὸν,
1069 750 1125 810 καί
1146 741 1182 810 τὸ

36 852 63 904 5
76 842 357 930 καταφρονητικὸν
378 846 434 926 τῆς
455 849 687 928 στρατιωτικῆς
709 843 886 929 ειίπραγίας
909 845 964 910 καί
977 847 1183 931 στρατηγικῆς

76 945 136 1012 καί
167 948 336 1032 α’κρητικῆς
362 946 539 1020 εὐπαθείας
564 947 688 1009 πολλῶν
716 943 771 1009 καί
799 947 916 1029 σχεδὸν
946 945 1092 1012 ἁπάντων
1121 950 1184 1011 τῶν

76 1045 145 1112 ὑπὸ
165 1041 336 1129 Ῥωμαίοις
367 1046 539 1113 τελούντων
568 1044 763 1128 λνμαντικὸν
793 1049 995 1133 ἐψηφίζοντο.
1039 1049 1182 1133 ἠγείρετο

73 1147 142 1233 γοὶρ
176 1146 273 1224 πολὸς
301 1144 478 1232 γογγυσμὸς
506 1149 567 1212 τῶν
595 1125 1016 1230 τέκοταδικαζομένωνοί
1047 1149 1184 1230 νομικῶς
1240 1209 1245 1222 ,

75 1251 137 1316 καί
157 1251 219 1315 τῶν
241 1253 522 1334 κατηγορουμένων
542 1249 754 1335 σοφιστικῶς,
777 1251 832 1313 καί
855 1252 919 1313 τῶν
941 1249 1183 1332 α’παιτονμένων

13 1357 62 1408 10
76 1342 127 1429 εἰς
146 1350 181 1418 τὸ
205 1350 359 1436 δημόσιον
381 1350 479 1415 ἐνίοτε
500 1347 734 1435 α’χρεῶστητα,
758 1347 813 1413 καί
833 1353 897 1416 τῶν
920 1353 1099 1434 δεχομένων
1121 1374 1183 1435 φο-

76 1450 246 1538 ρολογικὸς
278 1452 465 1536 ε’παοξησεις
491 1451 673 1536 ἐπαρχιῶν,
704 1453 853 1520 καὶτῶν
880 1450 1083 1534 καταδρομάς
1103 1450 1184 1536 cipr-
1281 1538 1282 1541 Ἴ

75 1551 243 1635 σταμένων
262 1551 462 1636 βαρβαρικὸς
485 1547 540 1616 διὸ
562 1549 597 1615 τὸ
622 1550 666 1636 μη
699 1549 778 1618 κατὰ
807 1551 898 1636 λόγον
917 1552 972 1617 τὸν
991 1577 1184 1636 οτρατιωτι·
1277 1623 1280 1626 ,

77 1652 135 1718 κὸν
163 1649 334 1735 κατάλογον
360 1651 515 1735 γίνεσθαι.
565 1653 686 1742 ἐλέγετο
712 1654 747 1716 δέ
776 1650 822 1735 μη
857 1656 914 1736 τῆς
941 1655 1001 1716 τοῦ
1025 1656 1183 1733 βασιλέως

78 1753 211 1840 φύσεως
230 1749 306 1836 ἔργα
327 1755 428 1817 ταῦτα
454 1745 550 1834 (εἶναι
570 1751 631 1836 γὰρ
653 1753 764 1818 τοῦτον
786 1749 847 1834 πρὸ
871 1755 926 1835 τῆς
951 1753 1053 1837 α’ργῖγς
1072 1745 1182 1839 ,ἄφθο-

18 1855 132 1920 15νον
149 1853 187 1917 τοὶ
212 1850 314 1919 πάντα
343 1850 399 1916 καί
428 1850 636 1938 οἷπειρόκακον
656 1850 713 1916 καί
739 1853 794 1935 τῆς
815 1850 1029 1936 ε’λεημοοιίνης
1051 1851 1181 1936 ὅλοσχε·

75 1957 148 2040 ρῶς’
168 1950 412 2041 ἑφαπτὸμενον),
431 1947 681 2040 ῶποφθορῶςὸὲ
702 1955 795 2017 τινῶν
808 1953 864 2016 καί
883 1955 1100 2038 παραινέσεως
1123 1975 1182 2038 φι-

74 2054 296 2140 λοπράγμονος
307 2103 318 2132 ,
340 2050 411 2121 ὅσοι
437 2056 496 2140 τῆςΙ
514 2052 594 2138 πρὸς
622 2051 662 2119 τὸ
691 2058 842 2135 βασιλεία
865 2049 1050 2130 οίκειῶσεως
1072 2055 1183 2134 μεῖςον
1256 2051 1258 2057 ’

75 2159 173 2222 ου’δὲν
194 2159 261 2221 οὐδ’
283 2156 457 2243 ’ὸπέρτερον
478 2147 619 2239 ἥγηνται,
652 2155 704 2240 ἵνα
727 2152 762 2217 τὸ
795 2155 925 2235 εὐμενές
948 2154 1007 2217 τοῦ
1026 2155 1183 2238 κρατοῦν·
1281 2144 1287 2157 ’

75 2279 133 2334 τος
154 2254 344 2342 ονλὴσωσιν.

21 2363 65 2418 20
181 2359 263 2424 Ἀλλ’
288 2352 359 2425 οὔτε
380 2357 413 2423 τὸ
436 2359 492 2443 τῆς
506 2359 620 2445 αἱρετῆς
641 2357 697 2423 τοῦ
717 2359 873 2438 βασιλέως
889 2359 988 2442 μέρος
1008 2356 1183 2442 α’γέραοτον
1232 2340 1236 2355 Ι

76 2450 155 2525 odra
177 2458 212 2523 τὸ
236 2451 339 2534 ἄλλως
363 2456 436 2542 ἔχον
458 2458 641 2542 οἰνῶλεθρον
664 2462 702 2545 τῇ
717 2446 881 2543 ΙῬωμαϊκῇ
901 2461 1083 2547 ἐπικρατείᾳ
1106 2460 1179 2523 δια.
1201 2466 1204 2471 ’

75 2562 244 2644 μεμένηκε.
287 2564 369 2641 περί
382 2563 441 2641 μὲν
462 2558 521 2644 γὰρ
540 2560 604 2624 τῶν
623 2557 720 2636 έντὸς,
740 2553 826 2635 ὅπως
847 2562 950 2633 καλῶς
970 2556 1045 2642 έσχε
1065 2563 1109 2647 τρὸ
1120 2544 1181 2640 ,in-¹

76 2666 172 2742 σιλεῑ,
193 2662 247 2726 καί
268 2658 311 2736 ῶς
333 2654 372 2743 ἦν
395 2662 482 2749 edroi
501 2658 665 2746 βουλητὸν,
686 2660 749 2724 τῶν
768 2663 892 2726 παίδων
907 2651 952 2726 ῶν
965 2663 1025 2743 μὲν
1046 2662 1183 2727 ἰδιωτῶν

153 2836 196 2890 16.
216 2839 416 2909 παραινέσεων
436 2836 465 2891 G.

78 2992 218 3047 nonnullis
237 2996 329 3059 paucis
350 3008 450 3057 eorum,
472 2995 517 3061 qui
537 2992 569 3045 ad
589 3009 648 3046 curn
664 2992 824 3045 accederent
843 3002 870 3044 et
889 2993 1006 3061 benigne
1025 2994 1059 3045 ab
1079 3008 1111 3045 eo
1132 3007 1181 3047 er.

80 3068 244 3133 ciperentur.
283 3066 352 3133 quod
379 3074 465 3116 autem
490 3080 585 3131 parcus
613 3074 670 3116 crat
696 3072 722 3115 et
747 3065 824 3116 nimis
844 3079 998 3131 comparans
1016 3064 1181 3130 publicarum

79 3152 169 3189 rernm
195 3149 382 3204 nonnunquam
411 3138 489 3187 etiam
513 3151 566 3187 non
587 3136 717 3203 speciosis
746 3136 843 3198 causis,
862 3142 889 3185 et
908 3136 977 3203 quod
998 3150 1031 3185 ex
1049 3142 1182 3202 potestate

80 3209 196 3259 iudicem
217 3205 328 3275 agebat,
355 3216 381 3257 et
408 3208 594 3259 contemnebat
618 3206 760 3257 militarem
785 3206 917 3258 fortunam
942 3214 968 3256 et
986 3207 1182 3272 imperatoriam

81 3288 108 3331 et
127 3279 167 3329 rei
184 3279 339 3330 iudiciariae
358 3278 455 3329 bonum
477 3287 572 3329 statum
590 3278 733 3332 multorum
761 3286 787 3329 ct
805 3277 862 3328 fere
882 3278 997 3328 omnium
1016 3278 1043 3328 in
1063 3277 1182 3329 Graeco.

79 3366 137 3401 rum
157 3365 264 3404 censum
294 3350 489 3413 adhibitorum,
517 3351 696 3415 perniciosum
722 3348 875 3400 censebant.
921 3348 1085 3400 excitabatur
1111 3350 1182 3399 eninr
1271 3344 1277 3354 ’

79 3420 167 3473 multa·
175 3421 328 3487 indignatio
347 3436 446 3483 eorum,
465 3422 510 3488 qui
529 3421 642 3473 damnati
661 3428 736 3471 crant
748 3435 801 3471 non
815 3436 848 3471 ex
866 3419 938 3487 lege,
958 3427 985 3470 et
1003 3420 1048 3487 qui
1065 3420 1182 3470 accusati

80 3493 159 3543 modo
180 3492 357 3557 sophistarum
378 3500 438 3542 eta
458 3491 553 3559 quibus
576 3491 751 3558 exigebantur
776 3493 803 3543 in
823 3492 1028 3543 aerarium-non
1047 3489 1136 3542 dehita
1155 3498 1182 3541 et

81 3563 289 3630 provinciarum,
309 3578 377 3630 quae
398 3561 564 3629 accipiebant
582 3562 756 3629 vectigalium
767 3564 947 3625 accessiones,
968 3568 1114 3624 eteorum,
1134 3560 1180 3628 qui

81 3634 248 3685 incursiones
262 3633 428 3685 sustinebant
442 3631 613 3683 barbarorum
626 3627 690 3684 cuni
699 3636 758 3685 sine
776 3633 911 3686 electione
929 3630 1051 3687 delectus
1069 3631 1182 3682 militurn

81 3706 168 3757 fieret.
211 3704 366 3757 dicebantur
396 3711 483 3754 autem
509 3718 563 3754 non
593 3705 666 3772 regis
693 3714 804 3787 napuras
831 3718 891 3755 csse
917 3702 983 3752 haee
1010 3702 1095 3753 iacta:
1121 3717 1182 3755 esse

83 3778 153 3827 euim
172 3775 242 3827 hunc
267 3784 329 3827 ante
354 3776 493 3842 imperium
519 3774 657 3826 liberalem
678 3786 785 3829 omniun
805 3784 831 3826 et
849 3774 974 3826 vitiorum
994 3782 1130 3840 expertem
1154 3782 1183 3825 et

82 3847 248 3899 miserationi
267 3862 376 3913 prorsus
395 3846 520 3909 deditum,
542 3847 623 3897 exitio
642 3854 730 3897 tamen
750 3845 913 3914 quorundam
933 3851 960 3894 et
986 3845 1180 3897 adhortationi.

84 3919 131 3971 bus
151 3915 261 3969 multum
281 3918 432 3986 agentibus,
452 3925 583 3983 quotquot
601 3918 677 3982 regia
694 3916 887 3969 benevolentia
903 3916 986 3969 maius
1004 3916 1072 3968 nihii
1092 3932 1181 3986 neque

84 3990 163 4041 altius
183 3996 287 4056 putant,
306 3997 335 4039 nt
354 3987 522 4040 clementiam
540 3988 706 4053 imperatoris
730 3988 859 4039 auferant.

185 4060 344 4128 Sedneque
362 4076 424 4128 pars
443 4060 549 4111 virtutis
568 4058 640 4124 regis
660 4056 818 4110 inhonorata
835 4072 924 4126 neque
940 4059 1019 4112 aliter
1031 4069 1182 4127 comparata

88 4132 162 4183 exitii
187 4145 283 4197 expers
308 4131 409 4184 Graeco
428 4131 540 4197 imperio
559 4129 664 4181 mansit.
701 4143 761 4181 uam
778 4130 811 4181 de
830 4128 909 4182 rebus
928 4131 1091 4196 domesticis,
1111 4146 1181 4201 quo-

83 4205 160 4256 modo
179 4202 249 4255 bene
268 4218 297 4256 se
317 4202 447 4255 haherent
462 4202 531 4271 regi,
551 4208 578 4254 et
598 4202 729 4270 quomodo
749 4201 871 4255 essetab
891 4217 922 4254 eo
949 4212 1119 4271 prospectum
1143 4201 1182 4255 ti.
