2834 4750
510 229 717 297 utstolttn.

72 390 178 469 χεῖρα
201 377 315 458 τούτου
338 386 464 474 πολέμρι
486 392 702 511 κραταιοτέριρ
724 394 910 475 πεποι’,ηκεν
932 386 1025 459 otidis
1045 397 1104 459 τού
1123 400 1189 478 βα-

73 485 196 560 σιλέως
218 482 373 569 πρότερον
392 485 497 588 δεινὸν
510 492 575 553 κατ’
599 489 702 553 αύτού
725 489 953 574 μελετῆσαντος
976 494 1031 561 καί
1051 498 1107 580 τῆς
1129 494 1190 560 τού

73 577 122 649 ευ
149 587 247 671 ζῆν’
232 589 338 676 εκείνφ
377 590 527 713 ἀφρρμῆς
554 590 609 653 καί
636 594 796 675 σωτηρίας
825 592 1070 681 φθονήσαντος,
1103 596 1218 663 datis.
1235 602 1364 659 230*

73 686 377 774 προκαταλαβόντος
403 687 460 774 τῆν
492 693 612 755 ἐκείνου
647 691 826 776 θηριωύιαν
858 698 1106 787 φιλανθρωπία,
1129 722 1184 765 και

43 791 230 872 5πρέσβεις
258 792 480 871 ἐκπέμψαντος
501 790 567 873 ,τῆν
589 788 716 875 εἰρήνην
746 794 1069 877 ιλιακηρυκευομένους
1091 794 1195 884 αὐτῷ,

78 892 141 953 καί
169 888 373 972 ἀντάλλαγμα
400 890 517 976 ταύτης
545 889 601 974 τῆν
632 895 798 975 Καίσαρος
829 888 930 977 τύχην
957 898 1185 981 προφέροντας,

65 993 138 1055 -ἵνα
168 989 214 1073 μῆ
243 985 278 1053 τό
312 992 421 1074 σχῆμα
452 996 513 1057 τῶν
548 995 684 1057 πεδίλων
726 994 780 1055 καί
794 993 862 1075 ,τῆς
895 984 991 1077 άλλης
1019 1000 1186 1078 περιβολῆς

78 1088 261 1175 ἐναλλαγήν
283 1116 353 1155 τινα
373 1094 510 1176 δέξηται.
554 1095 709 1176 ἐπεκύρου
737 1096 772 1157 δὲ
796 1092 911 1159 τούτου
940 1098 994 1160 καί
1015 1094 1072 1171 τάς
1091 1094 1187 1177 τιμάς

78 1189 122 1269 ἀς
144 1190 219 1268 τούς
240 1198 481 1277 συναραμένους
504 1192 591 1284 αύτῷ
602 1200 756 1283 τετίμηκε,
776 1194 832 1259 καί
853 1198 1030 1281 ἀμνηστίαν
1049 1201 1110 1263 τοῖν
1131 1222 1189 1261 πε-

26 1300 67 1353 10
78 1296 274 1376 πραγμὲνων
295 1295 400 1374 καιαῖν
420 1302 649 1378 περιεποιεῖτο,
676 1301 731 1359 καί
760 1300 823 1360 πᾶν
843 1299 989 1379 θυμῆρες
1011 1298 1094 1383 αύτῷ
1116 1300 1188 1363 δια.

77 1392 268 1477 πράξασθαι
291 1398 542 1477 καθυπισχνεῖτο
567 1393 583 1459 ὃ
604 1392 765 1478 βασιλεύς.
811 1397 882 1460 ὅδὲ
905 1390 1051 1479 ἄτεγκτος
1072 1390 1110 1481 ῆν
1133 1399 1189 1461 καί

79 1492 252 1579 ἀτεράμων
270 1498 325 1558 καί
346 1492 571 1580 ύπερῆφανος,
599 1501 653 1559 καί
675 1500 732 1579 τῆς
751 1495 917 1580 βασιλειάς
936 1492 980 1579 μῆ
1003 1484 1190 1582 ἀφιστάμε-

54 1619 135 1671 ,νσς
165 1596 284 1669 πολλάς
315 1592 448 1669 ἀπειλάς
479 1596 535 1660 καί
565 1588 797 1683 θυμοφθόρους
823 1595 990 1672 ἐπιστολάς
1026 1598 1189 1683 ἀντεπῆγε,

79 1694 140 1758 καί
159 1700 395 1777 Χριστιονικοῖς
411 1694 525 1776 αἵμασι
546 1706 652 1780 κρῖναι
665 1696 723 1781 τῆν
744 1697 984 1784 ἀμφισβῆτησιν
1003 1690 1111 1781 ῆθελε,
1132 1700 1188 1763 καί
1245 1708 1252 1718 ‘

29 1808 69 1861 15
80 1801 196 1880 σαρξίν
220 1799 436 1882 ἀνθρωπίναις
454 1799 568 1879 κόσμον
592 1794 696 1886 ἑαυτῷ
716 1802 920 1883 περιποιῆσαι
941 1798 1113 1880 βασίλειον,
1133 1794 1188 1863 καί

81 1901 191 1975 πᾶσαν
212 1891 268 1981 τῆν
286 1901 388 1961 κτίσιν
408 1902 612 1983 περιδινῆσαν
638 1894 658 1983 ῆ
680 1899 826 1983 δεύτερος
851 1902 991 1986 φανῆναι
1018 1903 1078 1965 τού
1096 1900 1186 1982 edys—
1264 1918 1274 1933 ·

82 1997 238 2064 νεστάτου
260 2002 416 2080 βασιλέως
439 1996 493 2062 καί
511 1999 733 2082 γενναιοτάτου
754 2000 858 2087 ᾑρεῖτο
875 2000 928 2063 καὶ
948 1995 1185 2083 διεσπούδαζεν,

82 2094 165 2162 ὅπλα
189 2123 240 2164 και
261 2094 368 2180 μάχας
390 2098 596 2182 εάτρεπιζων,
620 2102 675 2163 καί
695 2108 761 2179 τοις
781 2097 923 2174 πσλιτάις
942 2100 1084 2181 χαλεπὰς
1104 2098 1188 2162 ἀπἀ-

57 2197 311 2279 ταμιευόμενος
326 2195 474 2279 ἀμοιβάς,
495 2201 550 2261 καί
561 2195 648 2263 άπαν
667 2197 893 2281 ἀνατρέψαι
861 2223 896 2262 το
909 2189 1086 2280 Ρωμαϊκύν
1105 2203 1187 2283 βαρ·
1189 2192 1192 2196 ’

31 2303 225 2423 2οβαρικως
245 2298 463 2384 λογιζόμενος·
489 2299 538 2363 διὸ
562 2299 617 2363 καί
637 2298 772 2371 πάλιν
758 2297 1004 2386 οηαληνύτατος
1025 2298 1189 2385 βασιλεύς,

82 2404 139 2465 καί
159 2425 256 2476 ονιως
286 2401 436 2486 μαθητῆς
471 2406 529 2466 τού
562 2401 619 2485 τῆν
642 2398 783 2487 ειρῆνην.
790 2403 1003 2486 βραβεύοντος
1030 2406 1188 2484 βασιλέως

82 2500 140 2566 κοί
155 2505 323 2585 βασιλεῦσι
344 2502 379 2566 τύ
395 2498 507 2587 κράτος
528 2507 734 2585 παρέχοντος,
757 2504 908 2584 δευτέραν
927 2505 1099 2585 πρεσβείαν
1115 2498 1187 2579 έξέ-

82 2619 204 2685 πεμψε,
227 2606 392 2689 παραινῶν
424 2602 511 2692 αύτῷ
540 2603 576 2666 τὸ
606 2607 772 2689 συμφέρον
806 2605 973 2691 φρονῆσαι.
1001 2600 1071 2668 ’καί
1087 2601 1131 2688 μῆ
1153 2605 1186 2682 έξ
1220 2613 1228 2629 ’

86 2911 153 2962 dere
172 2881 353 2975 sustinebat,
346 2927 374 2963 rn
391 2927 496 2964 manum
515 2912 594 2964 buius
621 2910 697 2963 bello
716 2911 880 2963 violentiora
898 2909 1019 2978 redegit,
1038 2925 1096 2961 cum
1117 2907 1190 2962 nihii

89 2998 140 3034 rex
159 2992 237 3052 aptes
268 2985 381 3034 immane
400 2985 428 3034 in
453 2999 512 3035 eum
530 2985 670 3035 meditatus
690 2989 763 3042 esset
786 2980 832 3033 vel
850 2982 945 3032 beatae
968 2982 1040 3032 vitae
1060 2981 1085 3030 ei
1103 2995 1187 3032 oceo-

86 3054 190 3107 siouem
212 3063 239 3106 et
256 3053 369 3107 salutem
389 3053 540 3118 invidisset,
560 3055 607 3106 sed
625 3053 818 3120 praevertisset
836 3051 910 3103 illius
927 3052 1125 3109 immanitatem
1133 3052 1187 3102 bn.

84 3128 232 3190 inanitate,
262 3134 289 3177 et
313 3126 417 3193 legatos
443 3127 559 3178 misisset
578 3140 669 3192 pacem
692 3125 859 3174 nuntiaturos
886 3123 911 3172 ei
931 3130 957 3173 et
975 3122 1088 3188 pretium
1108 3101 1187 3175 buius

87 3198 219 3249 fortunam
232 3197 354 3250 Caesaris
371 3204 563 3264 proponentes,
580 3212 615 3246 ne
627 3193 745 3245 habitum
760 3193 910 3245 calceorum
930 3200 956 3244 et
975 3193 1058 3244 ceteri
1076 3195 1187 3246 amictus

85 3271 259 3319 mutationem
282 3268 364 3320 ullam
388 3269 544 3333 acciperet.
574 3265 746 3318 confirmabat
763 3273 850 3316 autem
866 3264 944 3315 buius
963 3265 1041 3314 etiarn
1059 3263 1187 3329 honores,
1243 3299 1246 3313 ,

87 3340 184 3406 quibus
203 3341 292 3392 socios
310 3354 372 3391 suos
392 3338 580 3401 honoraverat,
600 3346 628 3388 et
644 3336 809 3388 oblivionem
825 3335 954 3386 factorum
973 3333 1102 3402 malorum
1120 3351 1188 3402 pro..

87 3410 214 3477 ponebat,
235 3418 262 3460 et
281 3412 368 3461 omnia
387 3419 462 3479 grata
481 3425 510 3462 se
536 3410 562 3460 ei
581 3407 762 3476 perfecturum
787 3406 958 3473 promittebat
973 3422 1030 3457 rex.
1068 3404 1118 3456 ille
1137 3422 1188 3458 au.

86 3490 141 3532 tem
160 3481 334 3531 inexorabilis
362 3490 419 3532 erat
438 3490 465 3532 et
492 3482 572 3533 durus
599 3488 627 3531 ot
653 3479 784 3545 superbus
802 3493 925 3545 nequeo
950 3492 1034 3545 reguo
1055 3478 1187 3531 desistens

86 3551 184 3603 multas
203 3559 230 3602 et
248 3552 356 3603 acerbos
376 3553 504 3618 epistolas
528 3551 690 3619 opponebat,
711 3559 739 3602 et
759 3549 969 3604 Christianorum
988 3550 1118 3616 sanguine
1136 3550 1188 3601 de.
1210 3564 1213 3570 ·

87 3638 200 3675 cernere
219 3624 428 3674 controversiam
449 3623 574 3688 volebat,
603 3632 630 3676 et
648 3637 729 3674 carne
749 3621 883 3672 hominum
902 3618 1021 3672 ornatu'm
1041 3619 1092 3672 sibi
1111 3634 1187 3671 com.

87 3709 183 3763 parare
201 3695 305 3760 regium
325 3702 351 3745 et
366 3702 447 3745 totam
466 3696 556 3747 sedern
576 3710 671 3746 eruere
700 3708 778 3761 quarn
797 3691 928 3743 secundus
948 3706 1078 3758 apparere
1097 3691 1130 3742 ab
1149 3691 1186 3743 il-

87 3766 248 3817 lustrissimo
267 3779 333 3831 rege
352 3773 379 3815 et
396 3764 574 3818 nobillissimo
599 3764 716 3816 malebat
734 3762 919 3830 studebatque,
949 3778 1020 3814 arma
1040 3770 1067 3813 et
1084 3776 1186 3832 pugnas

88 3853 184 3889 curans
212 3845 240 3889 et
265 3835 374 3888 civibus*
389 3836 516 3888 difficiles
533 3837 681 3889 recondens
709 3848 824 3902 poenas,
846 3842 872 3884 et
890 3836 1043 3886 uuiversum
1063 3843 1189 3896 evertere

90 3908 267 3961 Romanorum
290 3909 427 3974 imperium
447 3907 558 3958 barbare
576 3908 721 3958 meditans:
728 3904 911 3990 ⁸quamobrem
931 3906 1008 3957 etiam
1027 3920 1117 3958 rursus
1136 3919 1186 3971 pa-

89 3982 237 4032 catissimus
256 3996 305 4031 rex
324 3987 351 4031 et
378 3993 475 4032 revera
504 3978 651 4045 disciputus
675 3979 760 4046 regis,
778 3978 824 4044 qui
851 3991 944 4043 pacem
968 3977 1130 4030 administrat
1158 3983 1187 4028 et

88 4051 197 4119 regibus
216 4053 361 4120 potentiam
380 4051 506 4117 praebet,
535 4049 645 4101 alteram
664 4048 826 4116 legationem
844 4048 934 4113 misit,
953 4049 1096 4107 admonens
1116 4064 1186 4113 eum,

88 4132 118 4184 ut
137 4124 202 4176 utile
223 4125 356 4195 cogitaret
375 4137 446 4176 nere
467 4121 643 4192 imprudentia
666 4119 831 4173 laberetur'
824 4135 852 4172 ιιι
870 4121 1021 4190 aptissimis.
1059 4129 1117 4178 erat
1133 4135 1186 4172 au-
