2834 4750
494 271 802 349 *ursroma‘
904 278 915 287 ⁴
1136 245 1234 352 iat

84 423 238 520 μαχος(
283 439 340 503 rori
368 440 429 524 γάρ
460 444 618 522 βασιλέως
649 445 718 506 κατ’
745 445 846 508 ἐκεῖνο
875 445 931 522 τάς
950 432 1133 529 Ῥωμαϊκάς
1150 450 1212 513 όυ-

85 535 213 616 νάμεις
256 539 457 618 ἐλάσαντος,
505 546 750 628 καταπληκτικοὶ
778 547 838 623 μὲν
875 528 996 627 άγιόνες
1026 550 1082 612 καί
1109 547 1214 631 μάχαι

85 647 303 723 περιφανεῖς
332 637 387 704 καί
416 645 604 728 πανημέριοι
625 647 881 728 συνερράγησαν,
911 647 1062 728 ου’όεμιᾶς
1083 651 1119 715 δέ
1142 647 1215 714 τοό-
1299 640 1301 643 ’

85 764 160 804 των
185 735 204 804 ὃ
229 738 449 828 Βοτανειάτης
469 745 727 825 ἐναπολέλειπτο,
750 744 818 808 ἄλλ’
838 745 1009 828 ἠγωνίζετο
1029 752 1089 828 μὲν
1108 743 1212 832 ὥσπερ

56 843 140 913 ὅτις
180 836 416 924 ἓκατοντόχειρ
449 845 502 908 καί
521 845 666 928 όεότερος
685 844 846 928 Ἡρακλῆς
873 840 892 929 ἢ
922 847 1002 929 όπὲρ
1036 845 1090 911 τόν
1114 845 1214 932 Ἦρα·
1245 844 1253 848 ’

86 942 174 1005 κλέα
202 945 329 1006 ἐκεῖνον
350 950 414 1018 τοῖς
436 938 548 1018 ἄθλοις
570 945 814 1026 ἐπιγοννόμενον
837 947 891 1031 (ου’
912 945 973 1030 γάρ
997 949 1214 1028 τρεσκαιόέκα-
1223 955 1243 1008 λ
1254 953 1307 1010 218
1318 967 1342 1006 r.

85 1063 147 1106 τον
173 1033 287 1106 ἆθλον
311 1043 379 1106 ἄλλ’
401 1039 684 1110 ἐκατοντατιλάσιον
705 1037 831 1132 ἤνυεν),
853 1044 932 1111 ἔνθα
957 1049 992 1110 δὲ
1013 1045 1131 1127 κάμνον
1153 1042 1214 1110 ἕω·

88 1145 179 1226 ράτο
206 1141 269 1205 καί
290 1152 485 1208 καταπῖπτον
518 1147 612 1228 κέρας
629 1145 818 1228 Ῥωμαϊκόν,
839 1151 940 1212 ἐκεῖσε
961 1144 1216 1228 καταλαμβάνων

88 1241 204 1319 αότὸς
233 1244 385 1308 ἀνεκτᾶτο
405 1241 441 1321 τό
464 1242 647 1328 α’νιτόμενον,
670 1251 726 1311 καί
746 1246 889 1332 θάρσους
913 1252 1041 1332 πληρῶν
1063 1245 1216 1327 εότολμό-

44 1357 80 1410 10
91 1367 196 1427 τερον
226 1345 329 1406 ἐποίει
363 1348 418 1408 καί
437 1348 526 1408 νικᾶν
555 1339 781 1429 παρεσκεόάζε.
837 1347 1033 1411 ταῦταόόκ
1064 1348 1118 1411 ἐπί
1138 1349 1216 1426 μτάς

91 1444 317 1528 ἐκστρατείας
338 1447 392 1528 τῆς
421 1445 501 1510 κατά
524 1449 587 1510 τάν
608 1449 769 1529 Ἀβασγῶν
792 1449 879 1537 crispi
903 1445 1109 1532 όιηγτόνιστο,
1131 1446 1212 1512 α’λλά

94 1546 157 1608 κατ’
180 1543 241 1608 ἐπί
263 1547 425 1629 δευτέρας.
482 1548 530 1622 δίς
558 1545 618 1631 γάρ
654 1547 846 1630 ό,’βασιλεός
875 1559 941 1624 τοῖς
967 1550 1138 1632 Ἀβασγοῖς
1157 1547 1214 1612 τόν

93 1649 250 1727 πόλεμον
271 1649 454 1711 ἐπιτέθεικε.
499 1646 554 1710 καί
576 1652 612 1736 τῇ
630 1651 689 1730 μὲν
707 1649 814 1738 πρτότη
834 1649 1006 1736 μαχησμός
1028 1649 1137 1724 όπλοός
1157 1673 1216 1714 πε-
1248 1707 1255 1714 .

97 1751 254 1829 ριγέγονε
276 1750 330 1810 καί
344 1737 423 1841 ἧττα
440 1751 503 1812 τῶν
520 1749 697 1832 Ἀβασγτόν,
721 1751 760 1812 ου’
775 1748 929 1833 παντελὴς
948 1753 985 1814 όὲ
999 1749 1215 1836 καταστροφή.

50 1852 142 1934 15τῇ
167 1845 310 1935 δευτέρη
331 1851 366 1912 όὲ
389 1851 535 1932 σφοδράς
562 1853 727 1934 γενομένης
761 1854 816 1914 καί
839 1854 1010 1935 φιλοτίμου
1032 1852 1089 1934 τῆς
1110 1875 1218 1933 παρα-

98 1948 231 2027 τάξεως
259 1947 364 2023 οόόείς
393 1952 451 2028 μὲν
467 1949 635 2032 Ῥωμαίων
668 1951 798 2039 θανάτῳ
818 1954 1076 2035 περιπέπτωκεν,
1100 1946 1121 2033 ἦ
1142 1945 1218 2015 ὅσον

100 2049 329 2133 εὐαρίθμητοι
360 2051 415 2113 καί
436 2052 499 2112 τάν
529 2043 659 2132 άσήμων
690 2057 782 2136 τινές,
814 2052 1011 2135 τραυματίαι
1042 2054 1078 2116 δὲ
1109 2054 1220 2124 πολλοὶ

75 2193 78 2198 ·
102 2149 353 2237 κατεφάνησαν,
384 2154 446 2215 τιόν
476 2154 507 2214 δ’
526 2144 690 2233 Ἀβασγοόν
717 2150 814 2236 φόνος
836 2152 999 2234 οἷπείρωος
1019 2154 1135 2237 γέγονε,
1155 2153 1219 2215 τόόν

103 2254 168 2332 μὲν
192 2253 228 2314 ἐν
262 2255 302 2338 τῇ
324 2255 469 2338 συμβολῇ
498 2253 555 2314 τοῦ
575 2255 715 2333 πολέμου
748 2254 1017 2333 θανατωθέντων,
1044 2256 1107 2317 ταῖν
1127 2255 1163 2316 or
1184 2249 1218 2317 ἐν

56 2355 153 2441 20τῷ
179 2347 316 2438 φεόγειν.
332 2349 499 2417 πεσόντων.
544 2353 717 2427 παντελοῦς
737 2350 804 2435 ’γάρ
828 2357 993 2437 γενομένης
1016 2350 1123 2418 αότοόν
1142 2375 1217 2439 τρο-

105 2456 173 2537 πῆς
197 2457 253 2517 καί
271 2453 425 2533 όιτόξεως,
459 2456 636 2535 α’κορέστως
658 2452 688 2518 οἱ
705 2454 858 2536 Ῥωμαῖοι
887 2455 975 2539 δίκην
996 2456 1115 2539 α’γρίων
1135 2477 1216 2539 προ-

56 2600 59 2605 -
105 2554 221 2635 βάτων
250 2552 379 2628 τούτους
407 2558 571 2618 κατέθυον.
630 2552 725 2619 ὁπότε
758 2553 814 2618 καί
847 2552 863 2616 ό
906 2552 1026 2640 τούτων
1054 2550 1217 2638 ἐθνάρχης

82 2668 84 2673 “
110 2656 160 2737 (Γ
159 2651 293 2736 εαόργιος
327 2654 346 2737 ἡ
366 2656 474 2738 κλῆσις
496 2654 597 2742 αὐτῷ)
630 2656 683 2719 ἐπί
701 2651 805 2740 λόφου
825 2652 991 2737 ἱστάμενος
1018 2657 1075 2720 καί
1096 2653 1132 2719 τό
1156 2652 1217 2719 τῶν

107 2752 284 2835 Ῥωμαίων
314 2753 522 2837 καταπλαγείς
557 2754 721 2839 σόνταγμα
755 2760 810 2822 κατ’
844 2758 1038 2843 ουγκίνημα,
1066 2757 1121 2821 κατ’
1140 2758 1218 2841 παρ’

192 2934 218 2985 5.
238 2946 271 2983 an
291 2934 339 2985 καὶ
356 2930 429 3002 όπὲρ
448 2963 482 2974 -·
501 2898 749 3006 ἐπιγοννόμεναςλ

115 3110 167 3149 nos
188 3094 307 3159 duceret,
328 3095 500 3147 formidolosa
522 3096 664 3159 certamina
685 3102 712 3145 et
729 3108 835 3162 pugnae
855 3094 974 3147 illustres
987 3078 1135 3145 etdiurnae
1149 3109 1217 3145 eon.
1267 3098 1273 3102 ’

116 3166 295 3218 serebantur:
315 3166 342 3217 in
360 3166 436 3218 nulla
455 3175 542 3217 autem
560 3168 652 3217 barum
670 3166 826 3217 botoniates
846 3166 958 3217 relictus
980 3173 1035 3215 est:
1056 3165 1103 3216 sed
1127 3173 1217 3216 certa.

115 3239 164 3289 bat
184 3245 307 3305 tanquam
328 3238 492 3289 centimanus
513 3246 539 3288 et
555 3238 623 3289 alter
645 3236 775 3288 Hercules
800 3235 846 3287 vei
869 3251 949 3303 supra
975 3234 1116 3287 Herculem
1141 3235 1217 3287 iilum

117 3308 308 3360 certaminibus
327 3309 444 3360 laetum:
463 3309 637 3377 nequeenim
656 3309 787 3359 decimum
805 3309 911 3357 tertium
931 3316 1065 3358 certamen
1083 3308 1130 3358 sed
1150 3322 1217 3357 cen.

117 3379 205 3445 tipiex
223 3380 387 3445 perficiebat.
414 3380 459 3431 ubi
477 3388 563 3432 autem
573 3378 697 3431 loborans
716 3379 971 3446 conspiciebaturet
989 3378 1118 3429 decidens
1134 3392 1217 3429 cornu
1309 3378 1315 3389 '

115 3450 265 3501 Romanum
284 3451 321 3499 ibi
340 3452 475 3517 accipiens
494 3453 553 3517 ipse
580 3450 738 3501 restituebat
762 3459 901 3514 vexatum,
931 3459 958 3501 et
984 3450 1072 3500 animo
1102 3448 1217 3515 implens

119 3519 217 3569 fortius
232 3520 359 3571 reddebat
378 3530 404 3571 et
423 3524 456 3573 ud
474 3524 614 3573 victoriam
634 3522 760 3587 parabat:
780 3521 847 3573 haec
865 3536 918 3572 non
937 3523 965 3571 in
985 3534 1038 3571 una
1056 3519 1104 3571 illa
1123 3526 1216 3571 contra

117 3588 243 3656 Abasgos
263 3592 434 3656 expeditione
454 3592 486 3643 ab
506 3608 538 3643 eo
556 3602 664 3660 peracta
682 3602 752 3657 sunt,
774 3594 821 3645 sed
841 3593 919 3651 etiem
938 3592 1070 3643 incitem.
1090 3592 1132 3643 bis
1145 3591 1216 3640 enirn
1258 3618 1262 3627 ι

118 3676 169 3713 rex
180 3660 293 3727 Abasgia
307 3661 406 3712 bellom
420 3664 546 3729 imposuit
559 3672 639 3731 atque
653 3666 738 3730 primo
752 3665 857 3731 quidem
873 3679 962 3731 pugna
975 3662 1133 3728 simpliciter
1145 3662 1217 3713 iacta

120 3740 161 3784 cst
181 3740 208 3781 et
226 3731 317 3783 clades
332 3732 508 3801 Abasgorum‚
528 3750 615 3801 neque
635 3750 700 3789 vero
725 3735 845 3800 perfecta
870 3735 996 3787 eversio:
1017 3732 1103 3784 altera
1129 3740 1215 3783 autem

118 3804 175 3855 aori
196 3803 266 3855 iacta
286 3812 312 3853 et
331 3804 447 3855 studiosa
467 3807 525 3855 acie
549 3821 627 3856 nemo
653 3808 831 3858 Romanorum
854 3814 966 3857 mortem
992 3804 1136 3868 occubuit,
1159 3803 1215 3866 nisi

118 3877 246 3943 perpauci
266 3885 345 3943 atque
365 3890 398 3927 ex
428 3876 542 3940 infimis,
571 3876 704 3929 vulnerati
735 3886 823 3929 autem
846 3876 922 3927 multi
945 3882 1141 3942 apparuerunt:
1167 3874 1215 3925 sed

117 3948 284 4017 Abasgorum
304 3946 399 3999 caedes
421 3947 523 3999 infinita
542 3946 611 3997 iacta
630 3955 688 4009 est,
718 3945 778 3997 aliis
799 3950 826 3997 in
845 3962 977 3999 concursu
1005 3946 1071 3998 beili
1096 3946 1212 4007 occisis,

118 4020 179 4070 aliis
198 4021 225 4070 in
245 4012 309 4087 suga
329 4018 498 4069 cadentibus:
518 4017 599 4085 plena
620 4019 689 4068 onim
709 4017 779 4069 iacta
798 4033 889 4069 eorum
900 4018 964 4086 iuga
975 4026 1001 4067 et
1011 4019 1210 4084 persecutione,

119 4090 264 4143 insatiabili
289 4090 366 4141 modo
383 4091 494 4143 Romani
514 4090 603 4141 ovium
624 4089 738 4139 ferarum
757 4091 840 4142 instar
861 4089 910 4142 bos
937 4089 1086 4154 necabant,
1105 4085 1210 4157 quando

119 4163 196 4213 etiam
216 4162 309 4215 horum
328 4162 448 4247 eentupio
469 4160 593 4229 (Georgii
614 4161 638 4211 ei
659 4169 715 4212 erat
732 4165 844 4229 nomen)
864 4161 891 4213 in
913 4160 986 4213 colle
1004 4170 1076 4216 stans
1103 4168 1132 4213 et
1153 4157 1211 4209 Ro·
