2834 4750
515 288 723 372 nassonia.
757 272 762 280 '
918 310 923 317 -
1098 274 1171 351 oro

75 442 98 533 ἢ
130 449 185 514 καὶ
214 435 525 533 προσεπιμόννυσθαι
550 457 615 523 τοῖς
642 441 724 513 οότοο
754 448 927 529 δρωμένοις
961 446 1173 527 α’συμπαθῶς.
1234 470 1240 477 ·

76 544 181 633 ὄρεξις
211 552 272 635 γόρ
302 553 385 616 ἐστιν
416 543 651 633 ἀντιλυπήσεως
673 548 690 609 ό
715 544 836 625 θυμός·
880 543 899 628 ἦ
923 549 957 610 δὲ
987 538 1088 628 όρεξις
1117 546 1175 610 όν,

78 654 204 734 σχεροός
223 655 258 715 ἐκ
281 654 340 715 τοῦ
361 652 535 735 προχείρου
559 628 828 727 κατακοιμόζεται.
874 645 928 711 διό
950 647 1039 711 τοῦτο
1064 648 1118 712 καί
1132 650 1177 734 τῷ
1245 676 1248 681 ·

76 753 133 836 τῆς
154 750 248 836 όργῆς
271 748 397 839 οἷκροὶτρι
420 748 698 833 χαλιναγωμόανό
730 747 832 835 σοφός
858 743 1065 830 αὐτοκράτωρ
1089 746 1176 812 τόνδε

42 849 137 925 5τόν
155 852 255 934 ,νόμον
277 855 464 935 τιθέμενος,
487 852 547 933 τήν
569 853 625 933 τῆς
644 846 800 933 τιμωρίας
823 849 992 931 ἀνεβάλετο
1024 844 1177 930 ἔκβασιν,

78 950 139 1027 ἕως
163 944 202 1015 όόν
222 950 240 1014 ό
263 950 368 1030 θυμός
392 953 436 1036 τῷ
468 951 674 1031 βασιλεύοντι
701 952 868 1036 πεπανθῇ,
902 949 1177 1031 τριακονθημέρου

76 1057 305 1134 προβαίνοντος
327 1049 561 1133 διαστήματος·
604 1050 658 1116 κατ’
669 1055 848 1135 τηνικαῦτα,
869 1052 970 1129 εἰμὲν
991 1044 1076 1139 ἕλεος
1094 1049 1180 1137 stirpi

77 1146 101 1235 ή
120 1152 295 1233 μετάμελος
315 1152 443 1239 εἰσὲλθη
466 1156 524 1215 τοῦ
541 1150 599 1235 τήν
622 1148 796 1237 κεφαλικήν
817 1152 988 1232 δεξαμένου
1006 1149 1177 1233 α’πόφασιν

77 1246 274 1318 εἶναιτοῦτο
296 1254 376 1316 θεοῦ
409 1250 464 1315 καί
487 1250 593 1332 μένειν
620 1250 673 1316 τόν
696 1243 866 1333 ἄνθρωπον
890 1252 1016 1333 οἷθιγή,
1046 1247 1123 1323 ἴσως
1143 1250 1205 1315 tit.
1220 1260 1309 1317 asar.

20 1372 67 1427 10
78 1355 136 1418 καί
157 1350 266 1417 α’θιόόν
293 1357 391 1416 ποθεν
412 1352 655 1435 εὑρισκόμενον·
688 1356 719 1417 εἰ
742 1355 771 1415 d'
793 1346 863 1443 σόν,
880 1350 949 1415 τότε
971 1357 1179 1435 πεπληροφο-

78 1459 215 1538 ρημένοι
234 1449 318 1519 εἶναι
338 1452 373 1517 τό
398 1459 549 1536 πρᾶγμα,
581 1453 624 1529 cic
643 1452 790 1535 ἐπείπερ
814 1447 907 1517 οόδέν
930 1479 961 1517 τι
987 1447 1181 1515 τκατεόυσιό-
1206 1502 1208 1506 ,

79 1578 177 1640 πηοεν
199 1554 216 1617 ό
236 1552 354 1637 χρόνος
378 1552 429 1618 τόν
451 1553 627 1639 οἷνοὶκτυρα,
649 1559 704 1619 καὶ
730 1560 768 1619 θε
994 1558 1052 1627 θος
1079 1552 1181 1615 acroi
1223 1572 1227 1580 '

78 1657 334 1739 συμψηφίζεται.
379 1656 410 1719 εἰ
430 1654 491 1738 γὰρ
515 1657 549 1719 όν
580 1659 623 1743 τῷ
645 1654 840 1741 παφλάζοντι
861 1658 916 1737 τῆς
941 1652 1036 1737 όργής
1059 1655 1181 1733 δέξεται

76 1762 138 1837 μὲν
162 1750 331 1836 ἅνθρωπος
354 1758 578 1841 θανατηφόρον
600 1753 722 1839 πληγήν
746 1749 766 1837 ή
786 1753 896 1837 χειρός
919 1751 1054 1836 ἐντομήν
1076 1747 1098 1838 ή
1120 1752 1182 1839 όφ-

25 1860 212 1936 mosmos
235 1855 385 1940 ἑκκυπήν,
417 1857 542 1931 οἷνεθείς
574 1861 609 1921 δὲ
633 1860 685 1940 τῆς
717 1851 977 1939 σ’ρμήςόστερον
1009 1853 1025 1916 ό
1059 1854 1183 1939 κρατιόν
1265 1888 1268 1892 ·

74 1955 254 2040 μετόμελον
273 1960 380 2040 ἕληται
410 1956 465 2019 καί
485 1957 542 2041 τήν
564 1958 729 2041 α’πόφασιν
749 1957 1008 2019 ἀνακαλέσασθαι
1028 1955 1185 2041 βουληθῇ,

76 2062 125 2135 τίς
149 2057 168 2140 ἦ
190 2060 244 2121 τοῦ
273 2059 453 2138 μεταμελου
482 2058 640 2142 αι’φὲλειας
671 2063 749 2131 τίνες
773 2059 800 2120 d’
825 2055 1186 2139 ἒριννόεςμεταμεληιί

75 2162 135 2224 aas
166 2156 220 2223 τόν
242 2156 399 2239 κολαστήν
430 2158 487 2222 οόκ
510 2156 680 2237 ἑλόσουσι,·
709 2160 785 2222 ποία
810 2160 845 2220 δὲ
877 2158 931 2221 καί
956 2155 1008 2222 τόν
1039 2154 1184 2221 παθόντα

81 2258 166 2343 λόπη
189 2261 228 2323 ου’
248 2262 444 2340 διαδέξεται,
479 2253 527 2323 ότι
549 2258 626 2341 πρός
654 2258 711 2344 τήν
740 2257 911 2343 α’νοόκλησιν
934 2258 1186 2343 σῖπερροὶπισται;

28 2364 185 2446 poradta
215 2353 318 2441 σόνό
356 2358 508 2443 βασιλεός
537 2362 787 2448 μεγαλοφρόνως
822 2359 1103 2444 κατασκεψόμενος
1134 2360 1188 2426 καί

81 2462 267 2548 προσθήκην
302 2463 387 2529 ι’όιαν
417 2465 457 2548 τῇ
480 2465 579 2551 νεαρᾴ
599 2464 697 2551 ταότη
721 2462 1000 2546 προσανεμοὶξατο,
1032 2459 1186 2538 συντάξας

82 2567 117 2629 ἐν
138 2562 222 2650 αὐτῇ
244 2566 296 2628 ἵνα
324 2561 405 2645 μετὰ
437 2564 493 2647 τήν
526 2567 798 2649 τριακονθήμερον
822 2555 1099 2647 όπομιμνήσκηται
1119 2559 1185 2624 πό·

83 2663 170 2759 λινῒό
191 2667 358 2747 βασιλεός,
378 2663 433 2730 καί
448 2660 533 2731 οότιο
556 2663 592 2734 τό
608 2671 707 2750 πόρος
727 2667 920 2751 α’ποτελῆιαι
942 2660 1186 2750 ήσυμχιορῆται
1221 2714 1224 2720 ,

84 2766 141 2848 τῆς
162 2761 365 2849 α’πσφόσεοος.

157 2902 201 2955 23.
221 2903 401 2956 ἀποτελεῖται
421 2899 438 2966 ἢ
459 2903 687 2975 σομχωρεῖταιῦ.

86 3049 182 3117 cupido
204 3049 272 3100 enim
294 3056 334 3100 est
349 3048 460 3103 ultionis
478 3051 531 3103 ira:
552 3053 648 3118 cupido
668 3059 754 3103 autem
770 3067 852 3120 aegre
871 3054 898 3104 in
912 3059 1017 3118 promtu
1037 3053 1187 3124 exstingui.

86 3131 145 3173 tur:
167 3128 311 3187 propterea
340 3122 419 3172 etiam
444 3123 500 3173 irae
526 3124 666 3191 impotenti
692 3123 796 3174 frenum
822 3125 929 3190 sapiens
957 3125 1101 3192 imperator
1120 3123 1188 3174 hauc

85 3192 175 3259 legem
200 3193 339 3259 imponens
365 3208 471 3259 poenae
490 3195 592 3246 distulit
619 3195 737 3259 exitum,
762 3197 849 3247 donec
877 3197 916 3248 ira
944 3197 1003 3263 regi
1021 3195 1188 3262 mitigaretur

86 3264 196 3331 triginta
222 3264 323 3316 dierum
350 3265 540 3332 progrediente
566 3268 667 3333 spatio:
694 3275 775 3336 atque
803 3275 857 3318 tum
876 3269 899 3318 si
924 3266 1107 3318 misericordia
1130 3279 1213 3331 eum,

86 3335 133 3387 vel
150 3336 317 3402 poenitentia
334 3337 442 3388 invadat
468 3338 526 3388 eius
555 3340 600 3405 qui
620 3338 735 3405 capitale
754 3340 873 3406 suscepit
890 3339 1027 3402 iudicium,
1058 3347 1118 3388 esso
1136 3335 1188 3388 ho'c

86 3408 131 3459 dei
151 3414 178 3457 et
196 3422 304 3458 manere
324 3406 458 3459 hominem
477 3410 620 3474 intactum,
647 3410 761 3462 fortasse
782 3411 860 3462 ctiam
879 3413 1012 3462 insontem
1031 3409 1187 3461 inventum:

87 3478 129 3530 sin
151 3476 247 3542 aliter,
280 3486 334 3530 tum
360 3487 442 3531 ratam
470 3495 530 3532 esse
547 3496 621 3546 reru„
642 3483 719 3549 qnia,
744 3482 792 3534 ubi
817 3482 885 3534 nihil
904 3481 1076 3534 dubitationis
1094 3481 1189 3532 iniecit

87 3551 191 3614 tempos
218 3549 391 3614 imperatori,
410 3553 496 3603 etiam
523 3554 588 3605 deus
614 3553 684 3604 malo
713 3554 770 3606 cius
795 3555 948 3607 assentitur.
996 3555 1094 3604 etenim
1119 3552 1188 3604 siin

87 3619 217 3687 flagrante
234 3621 274 3670 ira
292 3622 409 3696 accipiet
426 3623 505 3674 homo
522 3626 688 3676 mortiferum
699 3627 789 3692 ictum,
810 3628 868 3678 sive
887 3639 978 3678 manus
996 3624 1189 3676 abscissionem

87 3693 147 3746 sive
166 3688 304 3755 oculorum
326 3693 474 3759 excidium,
493 3695 621 3748 liberatus
647 3705 734 3748 autem
753 3699 793 3750 ira
817 3707 910 3766 postea
927 3699 1072 3766 imperator
1089 3694 1188 3762 poeni.

87 3764 195 3815 tentiam
216 3763 351 3828 concipiet
365 3773 391 3815 et
408 3770 566 3819 sententiam
584 3778 729 3821 retractare
744 3769 827 3822 velit:
847 3785 914 3838 quae
938 3771 989 3822 erit
1006 3767 1188 3836 poenitentiae

87 3830 213 3886 utilitas?
249 3849 317 3901 quae
337 3835 423 3888 furiae
443 3854 477 3888 cx
499 3841 665 3906 poenitentia
690 3843 768 3892 etiam
795 3843 981 3910 castigatorem
1005 3853 1059 3892 non
1087 3835 1188 3906 agenti

89 3906 176 3976 qualis
196 3906 275 3958 etiam
294 3906 421 3974 afflictum
439 3912 579 3977 aegritudo
605 3927 659 3963 non
681 3914 815 3980 excipiet,
846 3914 914 3981 quod
940 3914 973 3965 de
997 3913 1187 3964 retractatione

89 3986 130 4032 est
148 3976 295 4031 deiectus?
313 3979 382 4031 hacc
400 3983 483 4049 igitur
501 3999 550 4035 rex
562 3987 729 4052 magnanime
750 3986 901 4039 deliberans
923 3987 1002 4038 etiam
1020 3986 1188 4038 additamen.

88 4055 141 4102 tum
161 4054 297 4118 proprium
316 4053 444 4107 novellae
462 4055 524 4109 huic
545 4057 694 4124 adspersit,
715 4061 879 4111 constituens
896 4060 924 4111 in
946 4063 1039 4123 eo‚'ut
1057 4067 1117 4126 post
1136 4063 1187 4112 tri.

89 4123 164 4246 ginta
183 4123 240 4250 pies
259 4126 431 4180 admoneatur
448 4125 539 4181 rur'sus
558 4145 607 4181 rex
626 4138 652 4181 et
670 4132 707 4182 ita
725 4131 784 4186 finis
803 4132 956 4199 perficiatur
975 4138 1020 4184 aut
1039 4135 1188 4190 remittatur

105 4208 138 4250 en
151 4209 184 4248 cn
196 4210 248 4250 rae.
