2834 4750
275 288 350 374 ιιι
565 290 785 363 mensura
814 285 1077 358 ιτιιιιαιιιι
1395 261 1397 393 l

274 464 407 548 ποίηνο,
434 456 557 534 πάντας
575 454 649 530 τούς
667 453 1009 537 σσναποστατησαντσς
1030 452 1074 537 τῷ
1096 450 1301 535 Bomos,
1324 452 1379 512 ori-

275 562 387 639 νοντάς
408 582 443 623 τι
463 560 520 622 καὶ
540 560 717 640 τρέμοντας
731 552 807 628 τούς
822 556 898 636 περὶ
910 548 1090 633 ἑπιβοάλαν
1104 546 1236 629 νάμσας
1258 552 1317 611 aui
1337 550 1379 629 την

275 669 341 731 τοῖν
361 660 590 747 ἡμαρτημένων
612 653 720 739 δεινὴν
742 658 960 733 ἐπεξέλειισιν,
983 652 1196 733 συμπαθείας
1220 652 1398 731 sao-ml

276 762 416 845 α’ξιάσας
434 759 491 825 καί
507 756 565 833 τάς
579 757 691 829 ον’σίας
712 756 820 829 adroic
840 756 883 817 δι’
905 747 1027 838 ἄφατον
1041 748 1294 833 simulamina
1313 751 1399 863 άπαη

278 858 500 949 τινληρονιιάς,
530 855 613 940 πλὴν
638 858 736 940 τριοάν
758 849 788 939 ἢ
808 850 992 937 τεσσάρων,
1023 846 1072 927 οἷς
1099 850 1137 915 τὸ
1166 858 1241 925 τοῖς
1269 850 1399 935 titulasti

279 968 516 1053 λμφιλοχαρεῑν
545 960 604 1022 οσίι
626 956 796 1022 αἰιάνδσνον
819 949 869 1039 η’ν.
921 950 1002 1019 άλλά
1023 956 1081 1017 aas*
1100 952 1238 1028 τούτοις
1259 953 1383 1015 ducae-

279 1070 392 1151 ρσχιιῖς
413 1059 529 1145 ἑτέραν
558 1057 762 1133 ι’σοτάλαντον
790 1052 849 1139 την
880 1058 1063 1141 φιλοτιμίαν
1093 1054 1306 1137 εἰργάσαντο.
1353 1052 1383 1113 ον’

276 1166 426 1248 μάνονιλ
456 1165 490 1226 ἐν
525 1159 649 1235 τοάτοις
668 1156 703 1223 τά
725 1156 895 1245 φιλότιμον
927 1163 999 1231 ταῖς
1018 1160 1209 1237 βασιλικαῖς
1231 1152 1400 1232 suculam

277 1271 383 1350 χνίαις
411 1263 583 1343 ἔστάσατο,
605 1258 685 1324 άλλά
717 1257 773 1323 κατ’
793 1266 902 1338 τιμαῖς
926 1256 1146 1335 παντοδαποῖς
1174 1252 1286 1319 adada
1306 1276 1383 1318 aaut.

279 1365 446 1449 κόσμησον,
466 1368 570 1438 ἒνιόας
588 1365 623 1427 δὲ
647 1360 702 1424 κατ’
720 1362 929 1443 χαρίσμασιν,
954 1358 998 1433 cic
1017 1357 1138 1431 πάντας
1159 1353 1320 1440 ἔκπληξιν
1333 1309 1401 1435 ιιι-ά

279 1476 410 1547 τασχεῖν
427 1468 473 1551 τῷ
494 1460 724 1550 άνεξιχνιάστιρ
744 1460 801 1542 τῆς
822 1460 926 1523 αὐτοῦ
946 1456 1153 1543 άγαθότητος.

403 1562 498 1631 Οὕτω
523 1567 583 1645 μὲν
619 1556 676 1626 οὖν
714 1558 849 1635 θύοντος
881 1563 940 1623 τοῦ
967 1561 1124 1641 βασιλέως
1154 1556 1199 1622 τά
1231 1555 1402 1641 χαριωῆμ

278 1690 334 1751 ρια
358 1667 416 1729 ναὶ
434 1669 478 1753 τῷ
501 1667 566 1751 θεῷ
586 1661 642 1746 τὴν
662 1663 869 1747 εάαρέστησιν
891 1659 945 1725 διά
968 1647 1024 1744 της
1042 1659 1318 1744 ὑπερβαλλούσης
1337 1662 1382 1721 ια’-

279 1768 388 1842 νιοιιάς
415 1770 634 1852 εἰσφέροντας,
666 1763 724 1826 cdx
753 1756 879 1846 ἤνεγκεν
902 1760 918 1827 ὅ
947 1772 1013 1838 τοῖς
1041 1764 1178 1844 α’γαθοῐς
1205 1764 1380 1843 sananim

284 1872 407 1951 δαιμιον
437 1864 494 1951 τήν
517 1864 674 1950 τοσαύτην
701 1868 764 1956 τῶν
794 1865 972 1949 α’νθριάποον
998 1856 1227 1945 coccapanis,
1262 1866 1322 1928 aui
1342 1862 1403 1935 ritui

279 1977 417 2037 πλοῦτον
449 1972 505 2051 τῆς
528 1963 724 2052 άγαθότητος
742 1966 936 2049 διαταράξαι
962 1963 1041 2031 κατά
1063 1962 1098 2029 τά
1119 1966 1312 2046 εἰθισμένον
1334 1965 1380 2029 τά

280 2075 325 2161 τῷ
355 2072 549 2156 μελετήσας,
585 2070 732 2153 ἄνι’στησι
761 2076 827 2143 τοϊς
860 2064 918 2150 τῆν
938 2063 1086 2154 φυλακην
1106 2064 1223 2152 ἔχουσι
1245 2071 1308 2131 τοῦ
1329 2092 1380 2131 πσ-

282 2180 393 2238 iurabo
423 2168 649 2256 θομσφθόροις
680 2169 817 2253 άνάράσι
848 2171 903 2233 καί
935 2170 1072 2243 ἐθνικαῖς
1100 2170 1259 2253 νανίστην
1295 2166 1381 2252 ὁρμὴν

282 2274 338 2335 καί
357 2271 476 2350 τόλμαν
508 2273 680 2355 μιαιφόνον
712 2270 767 2332 καί
794 2267 978 2353 α’γριότητος
1007 2270 1175 2351 γέμουσαν.
1224 2273 1308 2353 περὶ
1326 2271 1384 2331 δεί-

282 2380 339 2457 λην
357 2368 418 2455 γάρ
453 2371 552 2452 α’ψάαν
573 2375 686 2437 danice
714 2363 899 2448 καῐὸπλοις
924 2366 1003 2436 κατά
1030 2366 1064 2434 ati
1087 2370 1237 2454 ἀρχῆθεν
1253 2362 1405 2452 ἐπάρας

281 2477 357 2538 τοῦν
377 2473 434 2555 την
455 2474 654 2557 παράστασιν
677 2471 810 2537 ε’νιάιιιον
832 2476 891 2537 τοῦ
906 2474 1097 2554 κρατοῦντος
1118 2470 1173 2534 ταὶ
1191 2477 1251 2554 της
1275 2474 1387 2549 τάξιας

281 2573 540 2659 άποπληροῦντες
551 2573 586 2638 τὸ
600 2577 744 2657 συνεχές,
766 2573 852 2662 ὁρμῇ
865 2572 987 2662 μεγάλη
1005 2576 1061 2636 κατ’
1076 2572 1279 2659 φονικῇ.κοιι“
1299 2575 1388 2659 θομᾷ

354 2732 396 2785 16.
417 2735 593 2808 διαταράξαι·
610 2734 640 2790 G.

280 2897 329 2950 sed
347 2896 426 2948 etiam
444 2897 530 2965 magis
548 2897 665 2950 divinam
679 2913 736 2949 rem
752 2897 877 2966 perfecit,
896 2911 1072 2964 comumnes,
1091 2897 1137 2967 qui
1149 2896 1318 2950 deiecerant
1337 2915 1385 2951 cun

279 2969 417 3035 Brycnnio
437 2977 464 3020 et
481 2969 555 3021 auxii
575 2978 651 3022 erant
678 2977 759 3038 atque
777 2969 912 3038 pavebant
936 2969 1090 3022 insidiarum
1108 2968 1187 3038 lagos
1209 2978 1238 3022 et
1259 2980 1386 3038 peccato-

278 3056 337 3093 rum
358 3041 440 3092 diram
458 3043 683 3107 persecutionem,
703 3041 888 3094 misericordia
907 3041 1029 3110 generali
1047 3041 1206 3114 dignaretur
1225 3050 1257 3094 ct
1277 3043 1387 3095 inculta.

279 3121 322 3165 tes
344 3113 377 3164 iis
395 3121 505 3180 propter
528 3114 650 3164 eximiam
676 3115 884 3180 generositatem
907 3115 1063 3177 sortiretur,
1092 3112 1177 3164 tribus
1207 3113 1258 3166 vel
1279 3125 1386 3184 quatuor

281 3184 412 3250 exceptis,
432 3183 527 3250 quibus
549 3187 651 3236 versari
672 3200 731 3235 cnm
756 3186 811 3238 suis
829 3199 884 3236 non
904 3192 963 3236 erat
981 3185 1146 3251 expeditum:
1175 3185 1226 3238 ssd
1246 3187 1331 3240 etia·
1351 3188 1385 3238 lit

280 3256 357 3307 donis
388 3253 501 3306 aliorum
528 3270 617 3321 parem
633 3255 831 3308 ‚liberalitatem
855 3256 1042 3308 reddiderunt:
1070 3271 1158 3324 neque
1184 3256 1280 3310 solum
1304 3260 1333 3310 in
1350 3259 1384 3310 bis

279 3325 469 3378 liberalitatem
488 3328 563 3393 regia
580 3329 765 3380 misericordia
785 3329 942 3392 constituit,
963 3328 1010 3380 scd
1036 3328 1115 3378 stiam
1134 3327 1289 3382 honeribus
1310 3333 1383 3383 variis

184 3401 196 3422 ·
280 3413 340 3448 eum
358 3397 473 3460 ornarit,
492 3397 637 3452 nonnullos
658 3400 737 3450 etiam
756 3400 852 3462 donis,
868 3400 908 3454 ita
926 3407 957 3450 ut
974 3412 1066 3451 omnes
1086 3399 1229 3452 admiratio
1249 3401 1383 3454 incederet

279 3476 390 3536 propter
409 3467 628 3535 inexplicabilem
647 3471 705 3521 eius
725 3470 880 3522 bonitatem.

380 3555 445 3610 Cum
468 3558 551 3624 igitur
578 3559 617 3609 sic
636 3573 685 3609 rex
710 3573 786 3611 sacra
814 3559 917 3627 gratiae
945 3559 1048 3612 iaceret
1071 3566 1097 3610 et
1120 3559 1171 3610 deo
1202 3567 1281 3612 esset
1298 3569 1380 3630 gratus

280 3628 377 3680 eximia
395 3627 594 3694 beneficientia,
612 3645 666 3682 non
683 3629 746 3681 tulit
765 3632 809 3697 qui
829 3631 905 3683 bonis
925 3631 1029 3682 invidet
1045 3631 1156 3682 daemon
1176 3640 1280 3683 tantum
1300 3633 1381 3684 borni.

277 3716 341 3752 uum
369 3698 526 3751 felicitatem
557 3708 584 3752 ct
608 3702 715 3753 divitias
742 3701 869 3754 bonitatis
894 3703 1002 3754 turbare
1031 3717 1046 3752 c
1078 3717 1152 3754 more
1173 3717 1224 3754 suc
1243 3705 1380 3756 meditatus

277 3772 391 3839 imponit
409 3770 442 3822 iis
463 3772 513 3839 qui¹
536 3774 697 3839 praesidium
717 3772 850 3825 habebant
867 3772 975 3840 palatii,
1004 3772 1156 3825 bominibus
1175 3776 1341 3841 perniciosis
1360 3783 1381 3825 rt

278 3844 406 3912 paganis,
432 3844 575 3909 pessimum
602 3844 743 3896 consilium
769 3851 796 3896 ct
821 3846 956 3897 audaciam
985 3843 1126 3896 scelestam
1145 3853 1173 3898 et
1194 3845 1305 3898 feritate
1323 3845 1379 3913 plc-

277 3931 352 3966 uam:
374 3916 445 3966 circa
465 3931 607 3982 vesperum
627 3918 697 3967 enim
718 3933 776 3968 cum
795 3918 891 3969 scutati
913 3925 939 3968 et
959 3916 1051 3968 armati
1073 3932 1090 3966 e
1106 3929 1181 3968 more
1202 3918 1316 3987 antiquo
1334 3920 1379 3968 im-

278 3988 398 4050 peratori
423 3994 530 4052 praesto
557 3995 647 4038 essent
674 3996 700 4040 et
726 3988 861 4040 ordinibus
887 3987 975 4055 plenis
998 3987 1141 4052 adstarent,
1162 3989 1267 4054 impetn
1288 4003 1378 4058 magno

279 4063 308 4104 et
325 4055 477 4108 truculente
508 4067 535 4110 ct
559 4060 646 4108 anime
672 4060 789 4111 ferventi
816 4062 844 4110 in
863 4062 948 4126 ipsum
967 4073 1058 4130 regem
1078 4060 1233 4123 irruerunt,
1254 4062 1302 4129 qui
1323 4076 1379 4128 pre.

212 4121 218 4129 ’
282 4123 420 4176 cumberet
446 4129 472 4177 in
500 4145 547 4181 ecs
566 4131 593 4179 in
612 4139 704 4198 aperto
725 4130 786 4182 loco
806 4133 945 4197 superiore
964 4131 1097 4199 regiarum
1117 4132 1289 4198 porticuum
1308 4141 1379 4200 utque

281 4195 329 4249 alii
350 4195 465 4248 arcubus
490 4201 532 4252 usi
549 4198 638 4250 iacula
662 4202 689 4251 in
718 4217 778 4253 eum
802 4203 947 4266 miseruut,
968 4201 1051 4254 ceteri
1069 4208 1156 4254 autem
1174 4202 1338 4258 ducentibus
1355 4202 1380 4254 sd
