2834 4750
390 287 392 293 '
476 275 704 346 missotti.
967 277 986 290 “
1106 275 1152 347 53

47 440 139 514 λείας
161 439 216 504 καί
234 447 464 515 συνασπισταῖς
494 442 528 518 ἐξ
550 434 685 518 ἅπαντος
705 442 889 528 χριόμενον,
911 439 968 511 καί
986 450 1049 518 τοῖς
1070 439 1154 509 ἐκεί-

47 565 112 606 νων
133 539 330 622 βουλεύμασι
352 544 408 605 καί
426 541 585 625 θελήμασι
604 541 857 626 καταχριόμενον.
907 548 963 628 τῆς
984 535 1040 608 σόν
1061 547 1155 623 ἐξου-

48 644 124 715 σιάς
148 643 195 716 εἷς
216 639 353 716 πολλοὺς
375 639 430 705 καί
449 644 609 716 ποικίλους
637 642 865 727 διαιρεθείσης,
888 646 943 708 καί
962 647 1027 708 τῶν
1045 669 1154 728 παρα-

50 735 312 806 όυναστευόντων
340 736 483 806 όκόστου
507 746 638 823 βασιλεῖ
655 745 897 825 γαυρουμένου,
918 745 1019 820 πολός
1037 766 1154 828 γογγυ-

23 838 132 919 5σμός
153 839 230 914 τοός
251 862 284 904 τε
311 839 593 926 ἐριστοιιρατικοός
619 843 674 907 καί
699 842 775 918 τούς
805 844 994 926 ίημοτικοός
1022 842 1078 908 διὰ
1097 841 1155 926 την

50 939 271 1024 δημοκρατίαν
291 949 418 1021 κατεῖχε
437 937 493 1004 καί
507 939 673 1023 σύγχυσις.
702 941 827 1007 ἐκείνων
847 941 908 1024 γόρ
924 935 962 1025 ἦν
980 941 1015 1007 τό
1037 943 1157 1026 εόπρα-

49 1047 116 1122 νεῖν
145 1040 209 1102 τοῖν
242 1039 295 1123 τῆς
314 1043 444 1122 μερίδος
466 1041 683 1140 τυγχανόντων
705 1043 813 1106 ου’τοόν
845 1046 901 1107 καί
923 1043 990 1107 τῶν
1011 1041 1157 1106 ὁπωσοῦν

51 1141 277 1223 προσηκόντων
303 1142 348 1226 τῷ
368 1144 514 1221 βασιλεῖ,
536 1132 596 1204 κόν
620 1165 652 1206 τε
684 1145 861 1207 σπουδαῖον
883 1144 921 1231 τῇ
944 1142 1085 1227 πολιτείᾳ
1106 1144 1177 1206 εί·-

50 1237 216 1320 σηνεγκαν,
238 1232 296 1303 κόν
317 1261 349 1302 τε
371 1238 474 1304 δεινόν
497 1234 519 1324 ἢ
542 1244 597 1304 καί
619 1234 779 1321 ἄπρακτον
789 1210 805 1283 ³⁴
839 1244 903 1307 τῶν
924 1243 952 1304 δ’
973 1231 1076 1304 όιλλων
1097 1235 1155 1305 λό-
1192 1279 1196 1286 1

10 1358 103 1423 ςργος
128 1338 253 1419 σόόιίς,
286 1332 335 1404 ότι
355 1337 400 1423 μη
420 1341 475 1403 καί
493 1340 614 1418 μᾶλλον
643 1341 834 1420 ἀλαζονείας
854 1340 970 1425 α’λόγου
989 1343 1046 1405 καί
1065 1344 1155 1404 κενοῦ

52 1436 245 1524 φυσήματος
267 1442 404 1524 ἐγίνοντο
427 1443 595 1525 πάρεργον.
649 1442 682 1518 ἐξ
713 1432 751 1506 οὗ
773 1444 826 1507 καί
845 1467 894 1519 τις
920 1443 983 1507 τεόν
1004 1431 1043 1504 τό
1063 1461 1155 1523 γεγο-

52 1534 151 1604 νότων
173 1542 229 1604 καί
249 1543 323 1625 περί
356 1540 414 1625 τὴν
435 1535 517 1606 ἓτόαν
534 1541 719 1622 όνομαστιόν
745 1543 801 1607 καί
819 1544 980 1626 γενναίων,
997 1528 1156 1614 ’ίσαόκιος

52 1634 155 1722 ὄνομα
180 1640 364 1727 (Κομνηνός
388 1643 474 1731 stirp}
497 1641 532 1706 τό
557 1645 763 1728 ἐπώνυμον),
785 1643 953 1726 όβρισθείς
975 1640 1155 1726 παρόροίσει

53 1746 109 1807 καί
130 1744 401 1826 προπηλακισθείς
432 1745 589 1826 ω’ᾃισμσῖς
613 1743 733 1835 ιμεστός
758 1744 850 1819 α’νίας
876 1739 997 1829 ἐφάνη,
1019 1740 1076 1804 καί
1095 1739 1154 1826 τὴν
1221 1789 1227 1796 .

12 1853 43 1904 15
53 1842 230 1929 σνμφσρόν
250 1837 476 1909 κοινοποιεῖταί
486 1868 551 1909 τισι
571 1848 634 1909 ταῖν
655 1844 865 1926 στρατιωτῶν.
908 1840 1155 1925 προεξοιόόόμε-

54 1965 102 2007 νοτ
124 1944 239 2008 δὲκαὶ
259 1935 345 2008 νότοι
358 1947 396 2033 τῇ
415 1949 478 2008 τεόν
500 1949 671 2028 γινομένων
693 1947 871 2031 α’νωμαλίρ,
894 1942 949 2006 καί
965 1940 1051 2028 λόπη
1075 1964 1156 2021 συγ-

54 2043 280 2127 κατεχόμτνοι,
313 2047 521 2128 παρορμῶσιν
553 2047 601 2119 εἰς
631 2044 689 2127 τὴν
723 2037 921 2108 όποστασίαν
951 2035 1059 2105 αότόν.
1102 2044 1158 2105 καί

55 2141 136 2207 κατό
157 2140 275 2228 μικρόν
302 2144 503 2224 συμβούλους
524 2141 654 2217 λκανοός
686 2134 1003 2226 προσλαμβάνοντες,
1024 2138 1080 2206 καί
1098 2138 1157 2223 την
1226 2152 1230 2156 ’

55 2243 205 2329 τοιαότην
225 2244 356 2329 μελέτην
377 2243 457 2329 πρός
482 2241 595 2327 καιρόν
615 2244 837 2327 οόόινὴσαντες,
858 2239 937 2325 μετό
960 2240 994 2304 τό
1017 2245 1071 2324 τῆς
1095 2245 1158 2322 βα-

16 2345 177 2419 λθσιλίδσς
195 2343 328 2427 ἐπᾶραι,
351 2345 467 2429 μικρόν
483 2339 558 2411 όσον
573 2340 770 2419 διαλιπόντες
783 2342 970 2428 ἐκρήσσονσι
985 2339 1042 2426 τὴν
1056 2341 1157 2405 ω’όῖνα

57 2445 110 2506 καί
139 2446 199 2508 τοῦ
224 2449 417 2528 κρατοῦντος
453 2447 600 2530 μυκτῆρα
628 2439 856 2526 καταχεόμενοι
890 2444 1077 2524 ἐπαίρουσιν
1111 2441 1158 2513 εἰς

57 2536 139 2622 dator
173 2543 229 2607 καί
258 2547 417 2628 προῦπτον
451 2544 485 2610 τό
520 2543 745 2625 μελετώμενον.
803 2540 864 2629 πρό
893 2543 929 2607 δὲ
952 2540 1073 2605 τούτων
1093 2543 1156 2605 aar

59 2640 328 2727 όρχισυμβοόλων
357 2638 422 2732 εἷς,
453 2648 634 2730 Βρυέννυσς
656 2634 814 2727 τοόνομα,
845 2644 1156 2728 ’Λόριανουπολιληα

131 2830 155 2883 1.
175 2830 323 2893 ἐξόπαντα
341 2830 371 2885 0.
478 2828 505 2886 4.
525 2846 559 2884 an
576 2828 754 2909 βασιλικῶςλ

62 2994 166 3047 omnino
195 3001 322 3059 utentem,
348 3003 376 3047 at
400 2993 507 3047 illomm
536 2996 700 3047 voluntatem
721 2999 747 3045 et
764 2992 864 3061 placita
882 2990 1059 3047 adhibentem.
1098 3003 1157 3045 cum

63 3065 142 3132 igitur
162 3073 281 3133 potestas
301 3067 370 3117 inter
394 3065 490 3119 multos
512 3076 538 3119 et
557 3068 645 3120 varios
664 3065 751 3117 divisa
770 3071 842 3116 esset
861 3071 887 3114 et
907 3078 1015 3125 eorum,
1041 3064 1086 3129 qui
1104 3064 1157 3113 im.

52 3136 128 3201 perii
147 3138 292 3203 participes
313 3147 403 3202 erant,
422 3153 490 3189 unus
510 3140 621 3207 quisque
640 3137 717 3205 regio
736 3150 812 3186 more
829 3134 994 3201 superbiret,
1013 3131 1095 3185 multa
1113 3134 1157 3184 in.

64 3206 181 3275 dignatio
203 3216 229 3259 et
248 3210 388 3275 optimates
409 3218 435 3260 et
454 3209 597 3276 populares
617 3215 727 3277 propter
745 3204 839 3273 populi
857 3205 997 3272 imperium
1022 3202 1159 3255 obtinebat

64 3285 88 3326 et
114 3280 245 3331 conlusio.
282 3278 389 3331 illorum
416 3282 485 3330 enim
506 3289 562 3332 erat
581 3294 731 3342 successus,
756 3278 801 3345 qui
820 3283 929 3341 aparte
948 3289 1039 3326 eorum
1058 3281 1159 3327 starent

66 3356 91 3398 ct
115 3352 210 3417 quovis
236 3352 314 3403 modo
334 3353 392 3419 regi
417 3352 511 3404 aflines
532 3359 636 3415 essent,
656 3351 715 3403 sive
734 3358 870 3402 strenuum
888 3346 990 3398 civitati
1009 3345 1157 3421 inferrent,

65 3420 120 3471 sive
138 3421 317 3488 periculosum
331 3424 395 3485 sive
415 3424 493 3474 etiam
511 3439 623 3484 vanum3
649 3429 799 3472 ceterorum
817 3426 903 3469 antem
922 3418 990 3469 ratio
1008 3416 1083 3469 nulla
1107 3415 1157 3467 ha.

65 3488 188 3555 bebatur,
207 3493 260 3544 nisi
280 3494 349 3561 quod
369 3496 446 3545 etiam
464 3496 549 3563 magis
568 3494 711 3545 iactantiae
729 3491 815 3543 inanis
835 3499 862 3541 et
880 3504 965 3542 vanae
989 3488 1158 3554 arrogantiae

66 3562 264 3614 additamentum
295 3564 405 3628 licrent;
426 3581 458 3615 ex
484 3580 536 3633 quo
566 3568 643 3617 etiam
669 3561 765 3632 aliquis
794 3561 848 3613 alto
868 3561 929 3613 loco
949 3568 1067 3610 ortorum
1086 3566 1114 3607 et
1130 3559 1158 3607 in

67 3635 167 3684 oriente
192 3634 336 3686 illustrium
363 3644 389 3686 et
406 3636 536 3687 nobilium
565 3634 698 3703 (lsaalrius
726 3636 782 3685 eius
810 3647 925 3695 nomen,
955 3629 1105 3683 comnenus
1133 3630 1159 3679 ei

69 3712 121 3754 erat
140 3711 303 3776 cognomen)
331 3707 446 3773 superbe
464 3715 589 3757 tractatus
608 3706 776 3773 negligentia
796 3712 823 3755 et
842 3710 988 3754 contemtus
1009 3701 1157 3763 conviciis,

69 3773 160 3839 plenus
180 3778 354 3844 aegritudinis
373 3778 495 3844 apparuit
514 3786 540 3827 ct
559 3792 646 3829 casum
668 3778 842 3827 communicat
861 3789 919 3826 cum
939 3772 1094 3841 quibusdam
1106 3772 1159 3823 mi.

68 3843 155 3909 litnm;
180 3856 257 3898 antea
276 3849 326 3899 iam
352 3850 460 3901 excitati
481 3848 558 3900 etiam
583 3848 611 3898 hi
631 3848 759 3900 factorum
778 3848 919 3914 iniquitate
939 3852 965 3895 et
982 3844 1090 3896 tristitia
1107 3844 1158 3894 im.

71 3915 131 3981 plati
151 3918 322 3993 adhortantug
340 3921 372 3973 ad
385 3920 563 3971 delectionem
584 3934 657 3969 eum:
678 3926 704 3968 et
722 3918 799 3969 brevi
819 3917 987 3968 consciorum
1006 3916 1069 3967 satis
1088 3915 1160 3966 nacti

72 3994 95 4034 et
113 3988 191 4040 talem
212 3990 407 4043 meditationem
427 3992 495 4042 iusto
507 3997 626 4055 tempore
645 3989 779 4053 parientes
798 3997 859 4054 post
867 3988 978 4055 reginae
995 3988 1057 4048 iter,
1076 3998 1159 4053 parvo

72 4056 206 4111 interiecto
225 4069 345 4128 temporo
365 4068 538 4129 prorumpunt
557 4068 677 4126 partum:
698 4065 725 4109 et
742 4059 895 4125 imperantis
905 4058 1055 4125 superbiam
1072 4056 1159 4107 ebun-

73 4125 160 4183 dentes
189 4130 288 4184 tollunt
312 4136 339 4186 in
368 4133 533 4185 altitudinem
563 4139 590 4181 et
617 4129 764 4182 claritatem
791 4129 978 4196 excogitatum.
1023 4135 1085 4178 ante
1110 4125 1160 4176 bos

74 4205 156 4255 autem
182 4204 284 4269 primos
311 4206 435 4260 conscios
464 4219 532 4258 unus
551 4202 702 4271 Bryennius
727 4201 813 4256 dictus
830 4199 1083 4277 Adrianopoljtanus
1108 4197 1160 4248 dux
