2834 4750
560 266 770 343 maronii.
890 320 892 325 -
1141 264 1215 345 toi

118 428 216 497 τότου
240 426 355 508 ἔθνους
374 434 438 497 τάν
459 432 620 515 Κομάνων
639 430 772 513 πολλόόν,
794 438 858 517 πόρ
873 434 1006 511 ταόταις
1029 433 1143 519 ένῆκαν
1164 435 1219 501 καί
1358 504 1365 512 ,

117 536 355 619 πυριφλέκτους
384 531 503 610 πολλάς
533 536 722 618 ἀπέδειξαν,
754 534 953 618 ὀργιζόμενοι
983 538 1024 623 τῷ
1054 535 1217 623 Βρυεννίιρ
1281 560 1286 569 ·

119 627 169 697 ότι
191 637 340 719 πρέσβεις
363 636 470 699 ον’τοόν
494 632 547 699 έπί
574 633 689 704 τοότου
710 635 798 719 παρά
821 640 883 700 ταῖν
911 634 1244 722 Ἀδριονουπολιτιόνε
1268 641 1272 647 ’

118 738 335 824 ἀνῃρέθησαν.
390 740 448 801 rori
480 738 515 801 δέ
536 739 675 822 στρατοῦ
704 740 887 812 σπουδαιοος
913 734 1352 821 καταλαμβάνοντος,ςηςςς,

86 835 317 922 5δραομόν“
286 861 316 901 οι
336 838 498 924 βάρβαροι
513 836 619 904 ἔθεντο
640 864 692 904 και
688 834 812 904 οδκέτό
830 848 896 915 τοῖς
911 834 1138 923 Popoixoic‘
1122 842 1220 971 οριοις

116 942 264 1005 enatato
285 940 537 1025 παρετόλμησαν

175 1042 264 1107 ’Ἐν
284 1043 320 1106 δέ
339 1045 382 1127 τῷ
412 1040 476 1106 ἔτει
505 1041 608 1133 τοότιρ
643 1042 793 1127 δουλικὴν
828 1038 1013 1129 τόμολόγηστ
1042 1048 1145 1109 πίστιν
1178 1046 1221 1131 τῷ

117 1140 283 1225 βασιλείό
302 1142 543 1227 κουροπαλάτης
565 1139 789 1228 Φιλάρετος“
773 1166 789 1206 ο
811 1144 1002 1228 Βαχάμιος·
1046 1135 1138 1219 οὗτος
1159 1140 1220 1227 γάρ

72 1275 74 1280 ·
119 1247 156 1309 έν
185 1245 303 1329 τόποιςΙ
322 1244 491 1327 δυσβάτοις
521 1250 575 1310 καί
605 1246 738 1329 ὀρεινοῖς
769 1270 820 1309 και
857 1270 920 1309 των
946 1240 1127 1329 Τουρκιιιοόν
1157 1268 1221 1309 ποι·

71 1364 111 1418 10
119 1344 225 1430 ρόδων
245 1345 473 1434 ἀπῳκισμένοις
494 1346 551 1422 τάς
571 1346 708 1430 οἰκήσεις
731 1343 915 1427 ποιοόμενος
928 1350 1047 1428 τείχεσι
1062 1348 1218 1421 πλείστοις
1264 1392 1267 1397 -

89 1524 95 1532 Ι
120 1444 197 1532 roric
219 1446 400 1524 οτινωποδς
432 1450 618 1532 περιέλαβε,
638 1447 692 1511 καί
719 1447 946 1530 κατοχυράσας
967 1445 1025 1523 τάς
1044 1442 1221 1529 διεκβάσεις

121 1542 282 1611 ἀνάλωτον
302 1555 366 1622 τοῖς
389 1550 489 1613 dusino
509 1548 619 1633 χώραν
636 1548 697 1613 οιίιό
714 1551 778 1613 τιόν
797 1551 949 1614 ἐναντίων
965 1545 1145 1632 εἰργάσατο,
1167 1549 1223 1610 καί

120 1650 243 1730 πλῆθος
268 1643 447 1732 Ἀρμενίων
478 1640 538 1713 καί
554 1648 734 1733 ξυγκλύδων
762 1651 887 1734 σίνδροόν
914 1646 1141 1730 συλλεξάμενος
1163 1644 1221 1711 δυ’-

119 1772 216 1829 ναμιν
247 1746 351 1837 ἑαυτῷ
377 1746 596 1835 περιμάχητον
628 1748 866 1836 α’πειργάσατο,
887 1753 943 1816 καί
963 1752 1007 1838 τῷ·
1027 1754 1221 1834 προβεβαοιό

74 1861 109 1913 15
119 1849 245 1915 λενιιότι
264 1850 523 1936 α’καταδοόλιοτος
546 1846 595 1936 ἧν,
620 1857 675 1916 καί
694 1854 762 1917 κατ’
786 1849 982 1932 ε’ξουσιλιντό
1006 1844 1126 1922 ἑαυτοῦ
1140 1863 1222 1934 προ·-

118 1952 338 2038 μηθοόμενος,
367 1956 423 2017 καί
450 1951 557 2028 πόλεις
584 1953 754 2036 βασιλικάς
783 1956 829 2028 εἰς
850 1948 964 2017 ἑαυτόν
997 1950 1220 2031 οἰκειούμενος,

120 2057 178 2118 καί
197 2056 241 2129 εἰς
276 2057 375 2138 μῆκος
396 2057 530 2138 ἐξαίρων
550 2053 608 2136 τήν
637 2054 722 2118 ἰδίαν
742 2052 942 2138 κατάκτησιν.
993 2055 1049 2117 καί
1066 2052 1139 2117 τότε
1160 2054 1221 2132 μὲν

123 2149 242 2231 οότως·
285 2158 342 2218 τοῦ
363 2156 398 2218 δέ
412 2139 623 2219 Βοτανειάτου
647 2154 705 2236 τήν
727 2154 945 2237 αότοκράτορα
967 2155 1221 2237 περιεζωσμένου

122 2255 227 2339 α’ρχὴν
256 2256 367 2330 δοῦλος
401 2251 652 2337 αὐτεπάγγελτος
679 2257 784 2336 γέγονε
810 2236 865 2317 καί
896 2252 1052 2337 ὑπηρέτης
1078 2257 1111 2319 έν
1141 2254 1220 2317 πᾶσι

76 2362 113 2418 20
122 2355 284 2440 πειθήνιος
306 2358 361 2422 καί
380 2359 443 2420 πάν
465 2352 500 2419 τό
522 2355 793 2441 προσταττόμενον
814 2352 967 2434 ἐπιμελῶς
992 2352 1222 2439 ἐργαζόμενος·
1304 2411 1307 2416 .

122 2459 178 2523 ιιαί
197 2458 309 2542 λόγους
332 2456 386 2522 διά
400 2461 527 2544 γραφῆς
542 2459 660 2521 δέδωκε
680 2461 736 2540 τῆς
757 2457 913 2542 προτέρας
937 2453 1152 2539 σκληρότητος,
1177 2449 1234 2520 ότι
1393 2449 1398 2456 ’

121 2562 281 2647 γλίσχρως
301 2564 357 2625 καί
380 2584 418 2623 ου
409 2560 605 2644 βασιλικάς
626 2558 666 2623 τά
681 2559 747 2623 κατ’
748 2555 865 2622 αότόν
878 2581 910 2621 τε
937 2580 991 2622 και
1011 2553 1086 2631 νοός
1108 2549 1222 2634 ἄλλους

116 2660 139 2723 ’ό
171 2657 471 2745 προβεβαοιλευιιός
491 2663 720 2745 μετεχειριζετο
745 2658 931 2750 πράγματα,
959 2664 1029 2733 ταῖς
1056 2653 1224 2744 δποθημο-
1324 2671 1340 2696 ²

122 2756 237 2836 σόναις
256 2765 314 2826 τοῦ
336 2765 507 2846 λογοθέτου
529 2759 831 2884 καταδουλούμενος.

130 2946 132 2949 ,
194 2899 236 2954 19.
256 2898 541 2973 αὐτοκράτορος
483 2897 513 2954 0

123 3038 223 3108 populo
243 3039 418 3094 comanorum
443 3039 549 3105 multis,
581 3041 670 3108 ignem
699 3037 741 3089 bis
765 3039 918 3090 iniecerunt
942 3044 969 3088 et
987 3037 1124 3092 combusta
1141 3037 1223 3091 muita
1267 3060 1269 3070 ¹

123 3111 310 3176 reddiderunt,
330 3112 391 3164 irati
407 3111 554 3178 Bryennio‚
574 3111 645 3194 qnod
663 3109 748 3179 iegati
766 3113 866 3181 {eorum
893 3107 941 3164 sub
963 3108 1017 3162 hoc·
1038 3110 1070 3163 ab
1088 3110 1223 3163 Adriano.

123 3181 251 3250 politanis
269 3149 367 3237 sublati
383 3192 467 3236 erant
505 3184 626 3235 exercitu
644 3189 732 3233 antem
753 3181 872 3234 studiose
891 3181 1051 3234 adveniente
1072 3181 1223 3250 effugerunt

122 3255 238 3320 barbari,
258 3271 346 3322 neque
366 3257 417 3307 iam
439 3255 572 3307 Romanos
591 3254 657 3305 fines
677 3254 789 3322 aggredi
809 3253 867 3304 ausi
881 3261 950 3306 sunt.

223 3343 281 3395 Hoc
299 3351 387 3395 antem
406 3357 476 3396 anno
494 3343 632 3396 servitutis
657 3342 796 3409 professus
816 3349 857 3393 est
874 3341 951 3394 iidem
970 3343 1029 3409 regi
1054 3340 1223 3408 curopalates

123 3414 274 3467 Philaretus
294 3415 462 3468 bachumius.
499 3416 523 3467 is
543 3415 612 3464 enim
637 3415 665 3463 in
685 3412 754 3464 locis
779 3413 860 3464 inviis
881 3420 907 3464 et
926 3414 1056 3465 montenis
1076 3421 1103 3464 et
1121 3429 1136 3464 a
1155 3413 1223 3464 Tur.

125 3501 213 3537 carum
242 3485 384 3540 itineribus
416 3488 526 3539 remotis
551 3484 686 3537 domicilia
703 3499 826 3551 ponens,
847 3484 928 3537 muris
946 3483 1068 3550 plurimis
1087 3485 1223 3553 angustias

124 3556 297 3608 circumdedit
326 3564 352 3607 et
369 3557 477 3610 firmans
499 3557 586 3608 exitus
611 3557 739 3608 invictam
764 3555 860 3608 incolis
886 3564 983 3608 terram
1005 3555 1037 3607 ab
1060 3556 1223 3608 adversariis

122 3627 251 3680 reddidit:
270 3635 351 3695 atquo
369 3629 564 3681 multitudinem
582 3629 817 3689 Armeniorum-et
834 3628 993 3680 advenarum
1014 3626 1148 3696 colligens
1169 3628 1222 3679 vim

124 3699 174 3752 sibi
194 3713 342 3768 pugnacem
365 3699 521 3752 conciliavit
540 3707 567 3751 et
586 3701 670 3766 priori
689 3701 749 3768 regi
769 3699 885 3751 invictus
913 3706 970 3750 erat
989 3706 1016 3750 et
1035 3713 1069 3749 ex
1089 3705 1222 3765 potestate

124 3785 170 3823 sua
189 3770 298 3823 curabat
318 3777 345 3820 et
362 3771 442 3822 nrbes
462 3773 550 3838 regias
568 3772 741 3838 recuperavit
758 3777 786 3823 et
810 3771 883 3821 anxit
908 3785 981 3822 suam
1007 3771 1222 3836 possessionem:

124 3851 203 3910 atquo
222 3849 277 3892 tum
294 3841 348 3893 ita:
368 3850 507 3911 postquam
525 3851 612 3894 autem
631 3842 786 3894 botoniates
805 3841 973 3907 imperatoris
994 3841 1100 3893 indutus
1120 3848 1160 3892 est
1178 3842 1222 3893 di-

125 3916 237 3983 gnitate,
257 3928 352 3966 sersus
371 3913 540 3965 uoluntarius
559 3913 644 3965 iactus
664 3921 705 3967 eat
719 3920 746 3963 et
765 3912 886 3963 minister
905 3913 932 3963 iu
953 3912 1075 3965 omnibns
1094 3912 1222 3964 obediens

124 3994 203 4054 utque
223 3985 321 4049 onmia,
340 4001 409 4053 quae
428 3984 634 4071 imperabantur,
653 3985 773 4036 studiose
786 3983 861 4048 iecit,
881 3983 1039 4036 errationes
1058 3983 1145 4036 diteris
1158 3986 1221 4038 red-

114 4057 188 4110 'didit
205 4058 304 4125 prioris
332 4058 515 4124 pertinaciae,
541 4055 611 4140 qnod
638 4071 720 4124 parce
740 4069 828 4123 neque
847 4056 924 4126 regie
949 4070 1002 4121 res,
1022 4071 1090 4125 quae
1109 4057 1142 4108 ad
1162 4071 1222 4108 eum

125 4135 151 4180 ot
175 4136 281 4183 ceteros
300 4129 494 4198 pertinebant,
514 4129 589 4198 prior
606 4143 655 4180 rex
673 4133 823 4194 tractasset,
843 4127 963 4183 consiliis
981 4126 1137 4198 logothetae
1156 4127 1221 4182 sub-

122 4200 216 4256 iectus.
