2834 4750
251 251 301 324 22
553 244 774 314 MICHAEHS
802 243 1060 314 trumonis

207 452 211 458 ·
251 409 284 481 ἓν
306 410 406 498 τσάττρ
429 408 531 476 oiseis
552 410 716 491 ἐπαρχιῶν
737 405 887 472 δικασταί
898 410 955 471 καί
968 404 1176 472 συντάττουσι
1196 403 1237 472 τά
1257 421 1361 490 ττοιη.

250 517 307 577 τέο
332 511 499 594 ἐγγράφως
529 513 582 573 κατ’
613 507 662 579 τά,
675 509 738 573 uis
767 511 947 592 σχεδαρίων
967 508 1211 572 inaucta-tiano
1231 503 1291 572 ίσα
1316 511 1364 572 δι’

250 610 391 694 dunning
412 606 608 694 ἀπαλλαγήν.

347 713 431 776 Ἀλλ’
453 710 470 772 δ
493 709 750 794 βασκαι’νων·άεί
769 717 835 786 τοῖς
847 716 954 784 καλοῖς
974 710 1085 792 ἕτερον
1107 699 1206 783 αὖθις
1229 707 1362 789 α’νεχεί-

249 832 299 897 ρει
321 810 456 892 πόλεμον
480 812 653 897 ἐπιχώριον
676 813 710 876 ἐκ
733 811 859 876 τοιάσδε
878 807 1089 896 προφάσεως·
1111 811 1262 891 σοχγενία
1283 823 1385 873 τοοκ-5

248 915 381 996 τημένος
411 906 599 992 ὃβασιλεδς
626 913 661 976 ἐκ
682 914 737 992 τῆς
755 909 1048 993 Ἀδριανουπάλεως
1075 910 1201 973 Λέοντα
1222 931 1360 972 κατονο·
1411 968 1412 971 ,

206 1015 209 1020 ’
247 1011 437 1094 μαζόμενον,
456 1019 565 1077 τοῦτον
587 1015 631 1086 εἰς
652 1010 803 1096 λαμπράν
817 1006 924 1092 υδσπρρ
946 1008 1028 1086 εἰκὸς
1050 1008 1220 1093 ἀνατίθησι
1240 1008 1360 1094 τύχην,
1411 1028 1412 1095 J

192 1123 198 1136 '
248 1117 303 1177 καί
324 1117 367 1197 roi
388 1112 450 1177 τῶν
469 1112 653 1193 πατρικίων,
675 1105 745 1175 εἶτα
767 1114 822 1175 καί
848 1113 910 1176 τάν
929 1112 1053 1193 βιοτάν
1083 1107 1240 1189 άξιάματι
1261 1116 1360 1193 περί·
1411 1148 1412 1203 3

247 1217 383 1294 βλεπτον
418 1209 637 1290 α’ποδείκνυοι,
676 1217 866 1296 στρατηγίας
902 1210 1025 1293 συχνάς
1057 1215 1113 1274 καί
1148 1212 1359 1294 δημαγωγίας

248 1308 450 1392 ἐμπιστεάων
471 1311 568 1397 adipi.
604 1315 638 1378 ἐν
659 1317 721 1399 μιᾷ
741 1314 777 1376 δὲ
797 1309 892 1396 ἔαρος
913 1307 984 1401 άρρ
1005 1313 1044 1399 τῇ
1068 1314 1234 1398 Μελιτηνῇ
1252 1323 1396 1395 espa-ld

247 1413 415 1494 τηχσῦντος
438 1410 539 1475 αὐτοῦ
560 1408 601 1476 τά
627 1412 832 1479 Μακεδονικά
855 1411 1084 1496 συνεταράχθη
1114 1410 1358 1494 στρατεύματα,

246 1507 373 1592 μακράν
397 1513 596 1578 α’ποστασίαν
618 1514 781 1587 οδδίνοντα.
833 1510 886 1578 καί
912 1511 929 1576 δ
954 1509 1108 1593 βασιλεάς
1130 1512 1231 1594 ἠπίως
1253 1535 1357 1595 κατα.

248 1613 371 1685 στείλας
392 1612 510 1676 τούτων
532 1612 567 1677 τδ
589 1612 737 1699 φρόνημα
757 1615 883 1678 διέλυσε
904 1610 961 1694 την
981 1611 1163 1697 ἐπιβουλήν,
1184 1608 1265 1692 πρδς
1284 1637 1359 1676 και·

246 1706 303 1792 ρδυ
323 1713 445 1791 primnis
465 1706 596 1795 ὕστερον
609 1706 860 1793 τδζάποτίλεομα
882 1714 1116 1793 παραδέδωκεν,
1138 1703 1224 1793 δμως
1242 1712 1274 1776 δ’
1295 1706 1357 1776 σάν

246 1811 483 1878 κατεστείλατσ.
526 1816 752 1898 κατηγορηθείς
773 1804 861 1876 oded
878 1816 1137 1896 προτκφωνηδείς
1151 1807 1251 1875 αάτσά
1272 1836 1356 1907 noy-
1365 1819 1395 1871 15

244 1907 336 1992 χενης
356 1910 399 1986 οδς
422 1915 477 1994 τῆς
504 1911 646 1988 στάσεως
669 1914 723 1976 καί
746 1913 803 1994 τῆς
832 1914 951 1994 βουλῆς
972 1905 1130 1995 άρχηχδς,
1157 1910 1213 1974 καί
1240 1909 1284 1986 ὥς
1306 1915 1354 1988 είς

246 2008 343 2073 αὐτὸν
367 2011 606 2095 α’ναφερομὲνης
633 2016 703 2095 τῆς
718 2011 919 2094 τυραννίδος,
952 2010 1148 2094 παραλάεται
1170 2015 1226 2094 τῆς
1246 2012 1353 2098 ἀρχῆς

245 2111 301 2172 κατ’
322 2113 483 2198 μοναδικρῖ
501 2095 717 2197 παραδίδοται
739 2111 892 2195 σχήματι,
906 2115 969 2191 καί
987 2115 1028 2199 τῇ
1047 2108 1257 2195 μεχαλοπάλει
1277 2108 1352 2179 άνε·

246 2230 300 2284 τος
332 2213 393 2282 καί,
413 2211 513 2295 χωρίς
542 2235 627 2287 τινος
650 2214 883 2297 παραφυλακῆς
904 2213 1086 2277 άπολδεται.
1141 2211 1293 2297 τετάρτην
1317 2216 1351 2279 δὲ

124 2335 149 2377 s.
168 2319 234 2379 1047
245 2308 322 2393 πρὸς
347 2318 384 2398 τῇ
407 2309 521 2401 δεκάτη
545 2305 673 2397 άχοντος
701 2317 760 2378 τοῦ
778 2317 989 2398 σεπτεμβρίυυ
1016 2313 1130 2397 μηνός,
1153 2316 1227 2377 καθ’
1258 2308 1295 2397 ἢν
1316 2315 1393 2380 vtio

246 2411 397 2493 ζωοποιδν
430 2422 562 2495 σημεῖον.
594 2412 776 2495 άψοάμενον
808 2412 933 2498 αἴρεται
962 2414 1023 2480 σάν
1060 2418 1220 2493 ε”ξιλεάσει
1251 2421 1353 2503 πολλῇ

246 2509 368 2595 (πράτη
398 2515 434 2576 δὲ
461 2511 593 2591 ἴνδικτος
622 2508 683 2598 ἦν,
710 2514 806 2579 ὁπότε
835 2513 892 2579 καί
922 2514 938 2577 ὁ
963 2517 1089 2599 Κρόνος
1107 2514 1287 2581 συνάδτυστ
1308 2520 1352 2601 τῷ

247 2613 330 2695 Διί),
351 2609 456 2699 λάθρη
477 2615 531 2696 τῆς
552 2612 786 2701 βασιλευσάσης
805 2614 987 2703 άτιοφοιτᾷ,
1007 2618 1062 2681 καί
1083 2620 1124 2681 δι’
1146 2618 1251 2681 ἳππων
1270 2616 1350 2681 κατά

225 2819 228 2823 ’
318 2811 360 2864 16.
381 2814 526 2885 ἐπιβουλῆς
540 2816 682 2884 interpres.
799 2819 842 2871 22.
860 2817 966 2891 χρόνοι
985 2816 1015 2872 0·
1035 2820 1153 2871 correxit
1169 2820 1311 2887 interpret·

244 2976 352 3044 privati,
375 2994 433 3029 cum
453 2996 486 3046 „a
505 2981 628 3035 indiciis“
657 2983 807 3034 nominaret
827 2983 905 3036 huius
925 2984 1082 3051 praesidem.
1121 2985 1148 3035 in
1170 2984 1222 3035 hoc
1235 2986 1348 3052 provin.

244 3048 343 3099 ciarum
358 3050 460 3103 iudices
483 3060 509 3103 ct
538 3062 700 3121 componunt
721 3055 841 3107 iacienda
863 3048 1037 3122 in'scriptione
1056 3064 1083 3106 et
1101 3071 1169 3123 quae
1187 3058 1214 3107 in
1240 3056 1349 3112 tabellis

243 3129 318 3173 erant
338 3122 475 3188 deponunt
494 3125 618 3193 aequalia
637 3135 748 3192 propter
767 3129 927 3193 suspicionis
953 3128 1147 3198 liberationem.
1317 3130 1320 3134 '

342 3191 394 3245 Sed
421 3193 469 3245 ille
497 3199 541 3263 qui
568 3198 670 3248 invidet
697 3213 802 3265 semper
824 3197 943 3266 pulchris
962 3199 1035 3250 aliud
1058 3215 1150 3252 rursus
1172 3208 1264 3251 movet
1284 3200 1347 3253 bel.

241 3263 295 3312 lum
313 3264 446 3314 intemunr
474 3264 523 3316 hae
550 3285 584 3318 cx
608 3284 697 3319 causa.
737 3270 912 3337 propinquum
932 3270 1023 3320 habuit
1047 3285 1095 3320 rex
1114 3287 1148 3322 ex
1172 3270 1347 3338 Adrianopoli

241 3332 368 3383 Leontem
387 3335 565 3387 nominatum:
587 3338 663 3388 inune*
677 3340 708 3389 ad
735 3338 866 3390 illustrem
886 3348 914 3398 ut
933 3340 1044 3391 decebat
1063 3341 1138 3392 eiiert
1158 3342 1297 3405 fortunam,
1320 3354 1348 3397 et

143 3403 147 3412 '
241 3404 422 3469 patriciorum,
451 3404 547 3457 deinde
574 3410 653 3458 etiam
673 3410 860 3460 vestiariorum
879 3410 1009 3477 dignitate
1027 3412 1142 3479 amplum
1168 3408 1268 3465 reddit:
1293 3415 1345 3465 irn.

239 3475 315 3539 peria
339 3474 422 3526 multa
450 3484 476 3526 et
502 3480 656 3544 magisteria
680 3480 705 3527 ei
733 3481 861 3531 credens:
881 3496 933 3530 uno
950 3489 1037 3534 tamen
1056 3486 1128 3536 veris
1147 3493 1267 3551 tempore
1286 3502 1345 3539 cum

239 3545 288 3596 ille
313 3546 457 3598 Melitenac
481 3549 621 3615 imperium
648 3548 776 3613 haberet,
803 3551 975 3603 Macedonum
1000 3554 1096 3605 turbati
1111 3563 1183 3607 »sunt
1200 3557 1344 3622 exercitus,

239 3616 347 3682 longam
362 3617 540 3668 deiectionem
560 3619 726 3670 meditantes.
748 3629 827 3689 atque
846 3638 894 3703 re'n
913 3623 1058 3677 clementer
1083 3626 1232 3692 deprimens
1251 3626 1344 3680 horum

241 3688 341 3737 animos
367 3690 450 3739 solvit
475 3690 594 3752 insidias,
622 3692 648 3739 in
667 3698 786 3757 tempore
805 3693 924 3760 quidem,
951 3706 979 3749 ut
1004 3706 1097 3762 postea
1117 3699 1204 3749 exitus
1228 3699 1343 3764 tradidit,

239 3758 285 3809 sed
303 3766 391 3810 tamen
414 3761 553 3825 depressit.
590 3771 729 3813 accusatus
750 3764 831 3830 igitur
856 3768 914 3819 eius
939 3777 1017 3818 antea
1037 3777 1256 3821 commemoratus
1275 3787 1342 3839 cog.

237 3835 315 3879 natus
335 3838 363 3879 ut
378 3832 516 3883 seditionis
538 3840 565 3881 ct
584 3833 691 3884 consilii
709 3834 762 3885 dux
782 3844 808 3886 et
827 3841 903 3904 quasi
922 3840 953 3890 ad
973 3854 1032 3889 eum
1052 3840 1203 3893 dcicrretur
1221 3842 1342 3893 domina.

237 3900 285 3961 tio,
313 3898 428 3951 solvitur
451 3902 563 3966 imperio
592 3912 618 3953 et
637 3908 800 3957 monasticae
820 3909 930 3961 traditur
953 3912 1040 3972 vitae,
1068 3919 1095 3961 ct
1112 3913 1139 3961 in
1160 3911 1252 3963 urbem
1274 3913 1341 3966 iiber

238 3978 264 4019 ct
289 3971 346 4021 siue
372 3972 428 4022 ullo
455 3971 590 4038 praesidio
610 3978 915 4047 diruittitur2'quarturu
935 3990 1022 4031 autem
1041 3982 1073 4031 ad
1092 3983 1223 4033 decimurn
1242 3994 1340 4052 agente

219 4041 386 4108 rseptembre
412 4058 518 4109 mense,
549 4062 600 4115 quo
637 4050 772 4100 vivificum
794 4054 898 4121 signum
925 4052 1022 4103 clatum
1047 4051 1152 4105 tollitur
1178 4053 1261 4106 multo
1281 4072 1339 4107 cum

235 4112 356 4181 piaculo,
374 4114 472 4182 primus
493 4124 580 4170 autem
596 4128 650 4175 erat
670 4121 834 4191 indictionis,
855 4139 913 4178 cum
932 4124 1010 4175 etiam
1029 4122 1158 4180 Saturnus
1180 4129 1339 4181 conveniret
