2834 4750
506 291 713 358 utsuonrn.
1088 282 1172 359 '309

69 454 231 539 ραδοῦναι
252 454 428 519 κατέθεντο.
470 450 616 534 παριδών
639 446 698 516 οὖν
727 451 744 516 ὅ
769 453 919 535 βασιλεὺς
939 454 1003 539 τήν
1032 458 1096 520 τών
1119 452 1176 521 ἐσ-

69 558 243 642 φαλμένων
263 557 371 628 ου’τοΐς
394 552 609 637 κακοήθειαν,
638 555 702 619 τών
726 554 928 639 ὀγκλημάτων
961 550 1090 633 τούτους
1118 555 1174 621 διά
1238 552 1240 559 ’

67 656 215 736 πλήθους
224 656 346 741 ,ἐλέους
367 656 536 720 α’πὲλουσε.
581 658 635 718 καί
652 639 891 738 χειρωῶμενος
914 653 967 719 τόν
991 654 1173 743 α’λάστορα,

70 757 197 840 δημίων
219 752 319 818 αάτὸν
336 755 447 835 χερσῖν
473 754 513 816 ου’
537 757 705 835 παρέδοτε,
727 753 781 818 κατ’
802 754 904 838 πάσης
920 759 1106 838 σωματικῆς
1127 780 1176 821 τι·

34 863 60 915 5
68 852 198 936 μωριάς
220 854 384 933 α’λλὸτριον
405 849 584 937 διετήρησε,
607 855 738 918 δικαίων
762 856 796 918 dd
820 855 945 938 άνιλρών
959 863 1067 938 χεῖρες
1078 854 1176 919 αὐτὸν

69 951 294 1034 εἰσδεξάμενοι
315 956 371 1034 τῆς
392 954 544 1036 κοσμικῆς
559 950 646 1029 ἰλάος
666 956 874 1036 ἐλευθεροῦσι
895 956 938 1018 dc'
959 948 1174 1036 α’ποκάροεως.

69 1056 332 1135 μεταταξάμενοι
354 1056 389 1116 δὲ
412 1051 491 1135 πρὸς
516 1052 571 1118 τάν
590 1055 764 1134 μοναδικὸν
785 1054 855 1136 βίον
879 1053 933 1119 καί
953 1057 1039 1141 φυγῇ
1062 1056 1176 1139 ε’ζημι-

72 1153 157 1238 ώθη,
178 1156 332 1238 νησιώτης
350 1152 526 1238 γενόμενος,
545 1158 600 1218 καλ
618 1154 736 1235 μαθών
748 1147 821 1219 ὅσον
832 1159 928 1243 κακόν
950 1160 1018 1221 ε’στι
1038 1152 1074 1219 τά
1097 1154 1177 1240 πρὸς

72 1251 150 1330 τοάς
171 1248 378 1339 ουἐργέταςῆ
407 1256 874 1336 συμπαθοῦνταςάγνωμονεΐν.
1185 1276 1309 1336 cmv,

18 1372 62 1426 10
179 1346 281 1431 Οὗτος
302 1358 336 1419 ἐκ
360 1359 483 1419 πολλῶν
504 1356 557 1417 κατ’
577 1353 723 1437 μεγάλων
736 1354 844 1437 ἕτερος
857 1350 955 1432 ἆθλος
972 1359 1014 1444 τῷ
1035 1360 1177 1438 βασιλεῖ’,

73 1454 157 1519 κατά
183 1450 340 1542 πάρεργον
361 1440 522 1538 α’νυσθείς.
566 1455 672 1519 καὶτὸ
695 1460 754 1535 μὲν
775 1454 867 1538 ἔργον
893 1460 987 1521 τοῦτο
1006 1461 1174 1535 τοιοῦτον,

75 1558 131 1619 καί
148 1548 221 1618 ὅσον
243 1553 349 1639 α’νηκει
371 1555 450 1639 πρὸς
472 1552 573 1620 αάτὸν
593 1560 749 1638 βασιλέα,
773 1558 864 1620 ου’άὲν
888 1558 1094 1642 παρεσίνατο,
1121 1556 1179 1641 τὴν

77 1660 107 1720 δ’
139 1650 222 1720 ἓώαν
245 1658 359 1750 ,πᾶσαν
380 1658 519 1739 μεγάλης
544 1658 653 1733 κακίας
678 1659 734 1725 καί
763 1656 866 1741 λώβης
894 1657 1088 1742 ἐπλήρωσεν.
1133 1658 1178 1734 ώς

76 1754 137 1839 γάρ
161 1751 293 1821 ὕποπτοι
325 1755 551 1841 κατεφάνησαν
578 1755 608 1821 οἱ
641 1756 721 1841 πρὸς
751 1756 956 1845 ἐκστρατείαν
989 1757 1177 1824 άποστελλά.

24 1869 66 1921 15
74 1880 177 1938 μενοι,
201 1856 255 1920 καί
275 1860 435 1939 νεωτέραν
456 1857 651 1942 πραγμάτων
664 1857 817 1943 ἐφίεσθαι
831 1857 1103 1941 κατεγνώσθηοαν,
1124 1861 1181 1923 καί

78 1957 166 2040 παρά
188 1960 281 2021 τοῦτο
305 1960 388 2040 μηδὲ
411 1956 514 2037 τάξεις
544 1961 599 2021 καί
623 1958 740 2039 λάχους
773 1958 947 2043 φυλάττειν
979 1961 1033 2022 καί
1061 1960 1178 2039 νόμους

68 2057 322 2142 ,στρατευμάτων
343 2058 582 2143 ὑπενοήθησαν,
611 2061 668 2121 καί
689 2064 728 2145 τῇ
758 2053 875 2146 ἑσπέρην
906 2058 1000 2123 πάλιν
1030 2059 1178 2143 γεγόνασι

76 2155 327 2242 μεταπάμπιμοι,
348 2157 562 2241 μεμενήκασιν
582 2157 613 2223 οἱ
636 2161 753 2241 ἐχθροί
772 2157 810 2223 τά
834 2165 914 2244 φιλο
944 2157 1069 2235 ἑαυτοῖς
1096 2158 1176 2225 κατά

79 2261 285 2342 Χριστιανῶν
306 2255 521 2341 ἐργαζόμενοι,
543 2264 598 2323 κατ’
620 2261 868 2344 παρακινοῦντες
889 2251 983 2324 πλέον
1015 2254 1036 2344 ἢ
1062 2257 1178 2343 πρότε-

23 2379 136 2444 οορον
154 2360 212 2444 τὴν
233 2357 339 2444 σ’ργὴν,
365 2357 420 2423 κατ’
439 2363 674 2448 πολιορκοεῖντες
695 2360 733 2425 τά
757 2356 931 2445 φρούρια,
948 2364 1003 2424 καὶ
1026 2358 1178 2424 πάνδεινα

79 2461 160 2525 κακά
172 2468 237 2535 τοῖς
260 2463 467 2542 ἐμπίπτουσιν
478 2459 693 2544 ἐργαζόμενοι.
739 2465 775 2524 τι’
790 2462 900 2525 κου’του
920 2463 1030 2541 γένοιτ’
1051 2455 1090 2524 άν
1104 2483 1179 2542 σχε-

79 2556 250 2645 τλιώτερον
273 2559 328 2624 καί
357 2558 637 2645 παρανομώτερον,
667 2555 743 2627 ὅταν
765 2568 827 2634 τοῖς
858 2563 987 2645 ε’χθροῖς
1022 2557 1181 2648 τοσαύτην

79 2660 181 2747 ῥοπὴν
202 2659 219 2725 o‘
240 2669 297 2726 τοῦ
319 2665 476 2742 βασιλέως
503 2662 689 2746 άντιρροπος
702 2667 820 2728 δέδωκε
843 2661 899 2728 καί
918 2664 1102 2748 τηλικοῦτον
1121 2685 1181 2726 κυ-

82 2985 270 3055 requirebant,
299 2993 379 3055 atque
407 2986 445 3038 itu
470 2987 580 3053 primum
605 2994 743 3037 auctorem
767 2993 892 3036 terrenae
919 2983 1059 3051 prauitatis
1077 2983 1183 3036 tradere

85 3054 260 3111 sustinebant.
281 3059 484 3124 praeterridens
502 3058 584 3124 igitur
602 3073 650 3109 rex
668 3057 803 3123 lapsorum
822 3057 989 3123 pravitatem,
1009 3054 1114 3121 probris
1132 3054 1183 3106 bos

85 3129 252 3182 multitudine
277 3130 478 3181 misericordiae
503 3128 643 3191 liberavit,
670 3136 696 3178 et
714 3128 823 3179 domans
849 3125 1011 3190 scelestum,
1032 3125 1184 3177 carnificum

86 3217 146 3254 oum
164 3200 284 3252 manibus
302 3215 355 3252 non
374 3201 481 3252 tradidit
505 3208 531 3250 et
559 3201 630 3269 omni
661 3200 781 3266 corporis
807 3213 895 3266 poena
913 3197 1030 3249 alienum
1049 3197 1183 3249 servavit:

78 3276 213 3327 iustorum
231 3281 320 3324 autem
339 3274 457 3324 virorum
476 3286 568 3322 manus
587 3287 646 3321 eum
661 3271 826 3337 accipientes
845 3277 953 3320 terrena
971 3269 1049 3320 sorde
1068 3267 1186 3320 liberant

85 3353 210 3396 tonsura:
229 3353 309 3411 atque
327 3352 434 3411 arrepta
450 3341 607 3394 monachica
619 3343 674 3394 vita
696 3341 792 3392 exsilio
809 3341 951 3392 mulctatus
971 3348 1021 3403 est,
1040 3339 1185 3391 insularum

85 3414 175 3468 incola
195 3415 289 3478 factus,
316 3423 343 3466 et
361 3415 529 3484 intelligens,
549 3412 629 3483 quale
654 3421 726 3464 esset
744 3411 850 3475 malum,
877 3411 904 3462 in
928 3410 1120 3466 beneficieutes
1140 3410 1185 3460 vel

85 3486 272 3540 misericordes
285 3488 417 3553 ingratum
436 3502 505 3539 esse.

185 3573 243 3624 iloc
263 3588 296 3624 ax
308 3574 398 3626 multis
418 3583 445 3626 et
458 3574 564 3643 inagnis
577 3575 649 3626 eliud
663 3583 798 3626 certarnen
813 3589 904 3642 aroge
922 3573 997 3641 quasi
1016 3571 1186 3625 subsecivum

87 3652 233 3716 peractum,
253 3652 333 3712 atque
346 3645 397 3695 boc
408 3661 474 3712 opus
488 3646 553 3709 tale,
567 3654 692 3713 quantum
705 3647 737 3696 ad
746 3660 838 3713 regem
849 3646 933 3712 ipsum
946 3643 1106 3711 pertinebat,
1117 3639 1186 3693 nibil

87 3717 173 3772 damni
188 3716 287 3778 attulit,
300 3717 431 3768 orientem
440 3723 528 3767 autern
541 3731 644 3767 ornnem
658 3732 754 3785 rengno
764 3716 834 3768 maio
849 3723 875 3767 et
889 3716 1039 3767 calamitate
1054 3713 1186 3781 implerit.

90 3789 208 3842 atenim
227 3788 346 3853 suspecti
364 3795 545 3853 apparuerunt
563 3788 606 3853 qui
627 3789 659 3838 ad
679 3788 876 3854 expeditionem
890 3789 963 3840 missi
983 3793 1068 3849 erant,
1088 3793 1116 3836 et
1132 3798 1187 3836 no-

89 3863 131 3914 vis
152 3858 232 3910 rebus
250 3857 357 3909 studere
377 3859 478 3924 cogniti
497 3866 568 3920 suut,
588 3866 615 3908 et
629 3867 769 3924 praetcrea
787 3875 822 3910 ne
843 3860 951 3911 ordines
971 3859 1077 3927 quidem
1097 3865 1124 3908 et
1135 3871 1186 3925 ag-

89 3933 159 3984 rniua
179 3943 341 3981 conservare
361 3935 388 3978 et
413 3928 489 3995 leges
511 3929 684 3990 exercituum,
709 3929 736 3978 in
756 3931 934 3995 suspicionem
954 3937 1096 3992 venerunt,
1115 3936 1142 3979 ct
1159 3927 1187 3978 in

91 4003 256 4056 occidentem
277 4014 367 4051 rursus
387 3997 494 4050 fuerunt
509 3998 631 4061 reduces,
650 4008 804 4050 manserunt
823 4000 913 4052 hostes
932 4010 1006 4069 grata
1025 4000 1077 4053 sibi
1095 4005 1188 4052 contra

93 4073 257 4126 Christianos
276 4071 408 4123 iacientes
419 4077 446 4120 et
455 4076 594 4121 moventes
612 4070 697 4136 inagis
711 4085 788 4135 quam
807 4079 884 4121 antea
898 4073 962 4122 iram
983 4081 1009 4124 et
1028 4085 1188 4140 oppuguan-

93 4152 133 4195 tes
153 4143 275 4207 castella,
295 4151 323 4194 et
340 4141 421 4196 auide
442 4142 499 4192 dira
518 4139 589 4191 mala
607 4140 785 4192 incidentibus
806 4141 945 4193 facientes.
973 4143 1042 4208 Quid
1060 4143 1111 4194 boc
1129 4141 1189 4194 beri

94 4221 184 4284 potest
199 4214 341 4268 scelestius
359 4221 388 4265 et
402 4214 537 4278 iniustius,
558 4212 662 4281 quaudo
676 4210 797 4265 hostibus
811 4219 907 4264 tantam
927 4213 980 4265 vim
999 4216 1071 4283 regis
1089 4214 1189 4266 edver-
