2834 4750
506 299 742 400 missoria.
890 407 896 416 A
1108 303 1177 381 stt

56 472 247 550 Νεμέτζων
275 477 470 556 λεγομένων,
503 472 559 552 οὓς
588 478 762 556 δπαλαιδς
783 481 871 566 λόγος
895 481 1108 566 Σαυρομάτας
1127 487 1182 547 κιιι·

58 571 200 647 αὐτοδς
219 574 393 655 ἐγίνωσκεν,
434 576 520 641 Ἀλλ’
546 581 611 662 οἵγε
645 584 763 664 θράσει
795 586 849 646 καί
869 586 965 670 θυμῷ
987 588 1106 663 ζέοντες
1126 588 1182 648 κατ’

58 671 211 760 σι’πονοίηι
228 676 409 763 βαρβαρικῇ
431 675 510 763 πρὸς
540 677 698 764 ἐκδίκησιν
732 687 795 747 ταῖν
817 684 906 748 ἰδίων
927 685 1049 764 ἰταμαῖς
1073 687 1181 749 διανέ-

57 795 209 854 στησαν,
230 772 285 836 καί
298 777 361 838 τοῖν
382 775 485 841 ἵππων
508 783 580 861 περὶ
602 780 657 862 την
672 771 735 845 τ’ὤν
756 781 1072 866 α’ριστοιῖνέπιβοὶντες
1093 777 1181 867 ιδ’ραν

22 874 131 952 5τῆς
155 874 213 934 τοῦ
234 876 391 952 βασιλέως
412 881 527 962 σκηνῆς
541 881 597 943 καί
616 883 717 943 αὐτοῦ
735 887 893 964 βασιλέως
912 888 1181 968 κατεξαναστῆναι

58 975 258 1039 συνέθεντο.
300 979 496 1060 γνωσθείσης
511 981 546 1043 δὲ
569 983 623 1063 τῆς
645 983 753 1047 ου’τοῖν
774 986 948 1060 ἐπιθέσεως
971 985 1030 1067 βοή
1052 1008 1089 1066 τη
1108 986 1184 1069 περὶ
1217 990 1223 1003 ’

59 1071 107 1136 τό
137 1073 355 1157 στρατόπεδον
377 1081 491 1164 γέγονε,
513 1082 569 1144 καί
584 1081 668 1164 ταχδ
703 1080 930 1168 διαβοηθέντος
950 1096 1009 1149 τοῦ
1031 1084 1183 1168 πράγμιι-
1221 1138 1227 1146 ,

61 1197 128 1248 τσς
154 1179 289 1261 συνέστη
311 1179 370 1258 μὲν
399 1174 415 1239 ὅ
449 1178 601 1260 βασιλεδς
630 1185 684 1246 καί
705 1186 938 1271 διηυτρεπέσθη
964 1185 1004 1250 τὰ
1024 1184 1105 1268 πρὸς
1126 1183 1182 1248 τὸν

62 1276 228 1360 πόλεμον,
249 1276 364 1358 έπιβας
388 1280 422 1342 δὲ
444 1281 501 1343 τοῦ
525 1281 622 1345 ἵππου
643 1286 696 1347 καί
721 1282 779 1367 την
796 1280 954 1367 στρατιὰν
981 1284 1024 1360 ιδς
1053 1287 1098 1360 εἷς
1117 1284 1181 1365 μα’-

10 1397 51 1451 10
62 1400 139 1459 χην
171 1371 449 1461 συναρμοσάμενος
478 1383 647 1465 κατέπληξε
676 1381 751 1457 τούς
778 1385 967 1466 ἰδιοξένους,
999 1387 1044 1458 εἰς
1064 1384 1098 1449 τδ
1122 1408 1182 1448 πε-

63 1479 147 1541 δίον
168 1477 390 1554 ον’συντιέκτως
408 1478 586 1561 γενόμενος·
628 1483 683 1546 καί
702 1484 922 1563 ὑποσπόνδους
951 1482 1066 1560 αὖτοδς
1087 1507 1182 1569 ιιοιη-

64 1575 229 1658 σάμενος,
266 1575 323 1662 τήν
362 1579 500 1666 έσχᾰτην
532 1581 657 1658 τούτοις
686 1580 798 1667 χώραν
827 1588 862 1651 έκ
896 1588 952 1668 τῆς
982 1607 1182 1671 σωματοφυ-

67 1683 190 1753 λακιάς
219 1681 273 1744 κατ’
302 1682 356 1762 τῆς
387 1677 497 1764 πρώην
518 1680 686 1767 έγγέτητος
707 1684 918 1770 α’πενεέματο,
940 1688 974 1751 έν
999 1685 1101 1775 τούτῳ
1127 1689 1183 1751 καί

66 1779 164 1870 μόνην
194 1778 230 1844 τό
259 1777 435 1864 πρόστιμον
457 1777 562 1857 αὐτοῖς
581 1786 639 1848 τοῦ
659 1782 803 1849 τοιούτου
829 1786 1020 1869 ἐγκλήματος
1043 1792 1181 1870 έγκατα.

19 1901 57 1953 15
68 1875 222 1961 θέμενος.

179 1983 315 2048 Ἐκεῖθεν
345 1983 374 2046 δ’
407 1987 452 2058 εἰς
479 1980 671 2065 Σεβάστειαν
706 1988 760 2050 καί
793 1983 831 2050 τοὶ
855 1986 965 2069 πρόσω
993 1983 1181 2069 κεχωρηκοδς
1248 2049 1255 2056 ,

72 2079 172 2168 α’πῄει
195 2080 250 2167 την
269 2085 332 2148 τῶν
353 2083 481 2167 Ἰβήρων
512 2090 705 2167 καταλαβεῖν
730 2083 949 2168 ἐπειγόμενος,
971 2079 1024 2150 ὅτε
1045 2089 1101 2150 κατ’
1121 2084 1180 2148 δύο

74 2186 234 2266 α’τραπιὸν
256 2185 289 2247 έκ
313 2185 505 2263 Σεβαστείας
529 2186 763 2268 διαιρουμένων
787 2185 841 2250 καί
862 2189 908 2260 εἷς
938 2184 971 2250 ιδ
996 2192 1083 2269 θέμα
1107 2188 1192 2255 Κο-χ

75 2286 212 2357 λωνεέας
237 2285 441 2367 συναγουσῶν
463 2285 521 2368 τὴν
542 2289 575 2349 ἐν
599 2287 751 2375 σι’ριστορᾷ
775 2290 973 2371 πορευθῆναι
1002 2286 1140 2370 θελήσας
1159 2286 1180 2348 ’ὅ
1222 2343 1225 2350 .

26 2408 64 2460 20
73 2383 231 2465 βασιλευς
260 2389 382 2450 πολλῶν
416 2389 592 2467 πτωμάτων
624 2390 703 2451 θέαν
733 2389 941 2471 α’νθρωπένων
972 2393 1180 2473 προσέλαβεν.
1217 2443 1227 2462 ,

76 2488 112 2549 έν
135 2487 242 2575 ἐκείνην
260 2484 321 2571 γάρ
347 2492 390 2577 τῷ
409 2486 494 2575 τόπῳ
516 2491 648 2573 συνέστη
678 2495 723 2577 τῷ
750 2489 943 2573 παρελθόντι
963 2487 1025 2555 ἔτει
1046 2488 1063 2553 δ
1086 2475 1181 2553 πόλε-
1205 2474 1208 2486 ’

74 2609 137 2665 μσς
158 2592 223 2661 τοῖς
244 2610 277 2652 τε
297 2582 469 2670 Ῥωμαίοις
494 2592 549 2652 καί
567 2597 632 2665 τοῖς
647 2587 801 2673 Τοέρκοις
823 2595 1074 2675 στρατηγοῦντος
1097 2594 1180 2655 Μα-

76 2683 179 2769 νουὴλ
199 2688 438 2772 κουροπαλιέτου
459 2692 516 2754 τοῦ
529 2694 709 2777 Κομνηνοῦ,
730 2695 785 2767 κατ’
804 2689 839 2757 τὸ
857 2690 1040 2775 Ῥωμαέκὸκ
1057 2688 1179 2777 ἡττήθη
1189 2699 1209 2753 l·
1230 2698 1281 2757 197
1293 2716 1317 2757 τ.

151 2875 179 2929 4.
198 2889 231 2927 an
250 2876 303 2931 τοῦ
320 2836 467 2947 dosoris?

79 3031 155 3085 ribus
174 3032 313 3099 abreptas,
339 3034 407 3087 ictos
429 3036 457 3086 iu
476 3034 562 3085 animo
582 3035 672 3086 durius
700 3035 825 3085 tractavit
850 3033 975 3102 quosdam
998 3033 1180 3087 Nemitrorurn

81 3107 127 3172 qui
146 3105 279 3168 dicuntur,
298 3121 364 3173 quos
385 3106 490 3173 quidem
509 3107 632 3173 antiquus
652 3120 738 3157 sermo
760 3105 928 3157 Sauromates
949 3113 975 3155 ct
994 3106 1067 3171 ipsos
1091 3121 1179 3159 nove..

81 3184 130 3227 rat.
169 3176 216 3229 sed
235 3175 263 3225 hi
282 3177 392 3228 audacia
413 3186 439 3227 et
457 3178 544 3229 animo
566 3178 702 3228 ferventes
723 3185 749 3227 et
767 3177 871 3227 insania
888 3174 999 3226 barbara
1009 3176 1040 3226 ad
1051 3175 1179 3228 ultionem

81 3250 123 3299 sui
143 3249 267 3317 auclacter
286 3257 468 3313 surrexerunt,
490 3256 515 3299 et
535 3262 618 3316 equos
638 3248 709 3297 circa
728 3246 896 3314 prandiorum
916 3248 1091 3298 ascendentes
1109 3256 1180 3299 tem.
1237 3261 1240 3268 ·

81 3328 131 3385 pus
149 3319 265 3369 tentorio
285 3320 358 3387 regis
376 3321 489 3388 regique
508 3320 560 3387 ipsi
580 3335 609 3371 se
629 3333 766 3385 opponere
786 3326 942 3370 statuerunt.
964 3319 1072 3387 cognito
1091 3326 1179 3369 autem

83 3404 172 3440 corum
191 3391 290 3457 impetu
310 3390 409 3442 clamor
429 3393 500 3443 circa
519 3399 604 3443 castra
625 3390 710 3441 lactus
732 3397 771 3441 est
791 3397 818 3440 et
837 3389 963 3441 celeriter
986 3388 1126 3456 divulgata
1149 3406 1179 3440 rc

82 3462 172 3513 aderat
187 3477 236 3513 rex
256 3470 283 3513 et
300 3464 416 3513 instituit
434 3478 502 3530 quae
522 3462 554 3513 ad
578 3461 679 3513 bellum
707 3477 774 3528 opus
800 3470 893 3512 erant:
922 3461 1068 3512 ascendens
1093 3468 1180 3511 autem

84 3548 176 3601 equum
197 3542 222 3583 et
242 3535 386 3585 exercitum
405 3541 434 3584 ut
451 3534 484 3585 ad
502 3549 616 3602 pugnam
635 3536 769 3585 instruens
788 3532 995 3585 admirationem
1014 3531 1098 3583 movit
1126 3532 1180 3583 suis

84 3604 236 3669 hospitibusx
250 3620 307 3655 cum
326 3606 353 3654 in
374 3620 466 3670 campo
486 3614 557 3657 esset
575 3604 644 3655 bene
663 3605 835 3671 compositus,
856 3612 881 3654 et
898 3611 1037 3671 postquam
1055 3604 1180 3669 pactione

62 3680 65 3687 ’
86 3691 130 3727 cos
149 3676 295 3740 coniunxit,
316 3683 459 3726 extremam
478 3674 519 3726 his
538 3684 633 3727 terram
653 3684 763 3743 propter
781 3674 926 3727 satellitum
946 3674 1064 3725 officium
1084 3682 1110 3725 et
1127 3689 1180 3723 nu.

85 3763 131 3813 per
150 3748 307 3798 existentem
327 3747 544 3797 coniunctionem
565 3746 694 3811 attribuit,
714 3748 742 3797 iu
762 3746 811 3796 bac
838 3746 916 3796 etiam
940 3744 999 3810 sola
1018 3760 1047 3795 re
1067 3759 1180 3813 poenam

85 3820 175 3869 iustam
194 3819 227 3870 iis
248 3817 317 3870 talis·
330 3818 508 3869 accusationis
534 3818 682 3884 imponens.

180 3914 245 3966 Indo
264 3915 297 3966 ad
316 3914 462 3967 Sebastiam
486 3921 512 3964 et
531 3914 638 3982 longius
659 3928 817 3980 progressus
836 3913 902 3964 abiit
918 3912 1055 3966 iberorum
1084 3921 1181 3967 terram

89 4000 216 4052 occuparo
236 3987 417 4038 contendens:
439 3986 542 4053 quaudo
567 3986 644 4037 ctiam
665 3985 764 4036 duabus
785 3999 799 4035 e
819 3984 940 4038 Sebastia
958 3986 1052 4037 divisis
1078 3988 1129 4039 viis
1153 3993 1181 4037 et

87 4058 112 4107 in
131 4055 276 4109 Coloneum
295 4058 462 4124 provinciam
482 4055 558 4108 simul
580 4056 914 4108 ferentibuscumsinistrs
932 4058 1067 4123 prolicisci
1094 4057 1181 4110 vellet

88 4142 132 4179 rex
148 4127 288 4180 multorum
314 4144 420 4181 casuum
440 4128 622 4195 spectaculum
646 4126 796 4178 mortalium
821 4128 934 4194 accepit.
977 4129 1007 4180 ln
1029 4128 1078 4181 illo
1110 4130 1180 4181 enim

88 4197 144 4249 loco
164 4200 265 4263 exstitit
283 4202 428 4266 praeterito
452 4215 521 4251 anuo
540 4198 641 4251 bellurn
665 4199 773 4251 Graecis
794 4207 820 4251 ct
838 4198 939 4265 Turcis,
964 4202 1032 4255 tuce
1057 4197 1180 4253 nuncto
1253 4229 1260 4233 -
1287 4264 1292 4271 ι
