2834 4750
384 239 616 367 ¹ursionis.
695 327 716 368 Ι,
996 253 1068 336 14³

2 415 132 502 ἔαρος
162 416 398 502 δπανοίγουιος,
437 419 512 509 περ-ι’
534 419 634 504 ου’τήν
655 408 721 504 τήν
739 403 860 504 ἡμέραν
881 421 938 504 ιής
958 424 1069 507 ἐπισή-

8 524 217 605 λεγομίνης
238 521 443 604 σ’ρθοδοξίας,
477 512 550 608 ἕνῇ
573 527 775 607 φυλοκρινεῖν
796 520 870 595 τους
893 519 1069 604 airardum

5 625 97 685 τῶν
130 622 314 704 ὅρθοδόξων
335 625 389 686 καί
411 625 590 701 α’ναθὲμαιι
624 610 880 703 καθυποβάλλειν
900 621 974 699 τούς
999 619 1068 688 ἔτι·

2 723 101 797 ξονς
134 726 175 808 τῇ
196 726 343 812 ἐκκλησίᾳ
366 720 554 804 νενόμισται,
578 725 623 798 εἰς
643 721 680 788 τά
706 725 769 786 τῶν
787 725 904 805 Ὴρίων
928 727 1068 792 παλατια

2 825 4 880 Ξ
35 819 83 884 τό
120 818 203 898 ἔθος
223 825 455 908 προσώρμησε,
475 827 512 910 τῇ
533 821 592 906 πρό
618 823 718 906 αὕτής
741 822 845 911 ήμδρφ
863 823 1068 910 τήνιίτησίαν

5 923 150 1004 τιμίαν
181 924 239 1008 τήν
271 913 438 1009 λεγομένην
469 921 567 1009 (λόγον
588 933 655 999 τοῖς
681 925 928 1012 procurantem
950 930 1069 1011 βουλῆς

2 1027 188 1106 ιθὲμτνος.

64 1129 386 1212 Διαπεραιουμένου
416 1131 446 1189 δ’
467 1129 565 1191 αὐτοῦ
596 1123 649 1191 τὸν
678 1126 898 1212 Χαλκηδόνιον
923 1127 1068 1210 πορθμὸν

2 1223 122 1308 oropo}
157 1230 202 1302 τίς
222 1233 320 1292 ποθεν
353 1225 509 1310 ἱπταμένη
541 1230 580 1290 ου’
601 1227 686 1291 πάνυ
718 1253 750 1291 τι
770 1228 890 1312 λευκή,
924 1228 1002 1313 πρὸς
1029 1228 1064 1294 ιδ

2 1353 36 1390 ιν
64 1328 111 1391 δὲ
137 1323 175 1392 τδ
203 1321 347 1393 πλεῖστον
369 1328 466 1410 αδτής
489 1329 726 1413 ὑποφαίνουσα,
750 1317 807 1411 τήν
831 1332 994 1412 φέρουσαν
1014 1330 1066 1396 τὸν

2 1431 79 1492 ιλέα
131 1431 194 1511 νῆα
227 1426 398 1512 ἐπήρχετο,
430 1431 490 1504 ἓως
524 1430 568 1504 εἷς
598 1424 695 1504 αιξεὸν
725 1433 843 1493 ἐκεῖνον
871 1436 1067 1497 καθεσθεῖσα

2 1529 31 1593 ιί
68 1536 151 1604 ταῖς
175 1531 278 1594 ου’τυῦ
312 1528 512 1616 προσερρύη·
555 1530 698 1604 κάκεῖνος
721 1527 840 1615 ταύτην
869 1532 906 1616 τῇ
924 1535 1068 1613 βασιλίδι

2 1645 138 1711 ιεμψε,
160 1630 235 1714 περὶ
256 1630 336 1696 αίιδι
360 1629 398 1694 ιδ
423 1631 584 1714 αὐάκτορα
606 1633 661 1714 τῆς
683 1630 801 1706 πόλεως
823 1631 909 1716 παρὰ
931 1634 967 1697 τὸ
993 1636 1024 1700 εἰ
1048 1667 1082 1687 -·

20 1731 249 1819 ἕπιμεινοὶση..
298 1734 389 1797 τοῦτο
419 1734 453 1797 δὲ
475 1730 635 1814 σύμβολον
657 1733 759 1796 ἐδόκει
786 1725 963 1817 μελλούσης
982 1733 1067 1810 ιινδς

2 1831 169 1913 βάσεως,
193 1832 251 1896 crin
274 1832 418 1918 ἰσότητος
441 1835 476 1896 δὲ
495 1835 550 1897 καί
572 1830 756 1919 ὁμοφωνίας
777 1843 841 1908 τοῖς
864 1844 962 1898 τοῦτο
981 1861 1067 1916 συμ-
1078 1854 1098 1907 f,
1110 1854 1160 1909 195
1172 1871 1197 1910 ς,

3 1941 134 1998 λουσιν
163 1936 273 2000 ἐδίδου
303 1931 498 2019 παράθεσιν,
532 1935 599 1998 αλλ’
625 1934 658 1997 οἳ
683 1939 744 2017 μὲν
767 1931 846 2020 πρὸς
867 1933 902 2000 νδ
925 1939 1069 2020 κρείττον’

2 2037 29 2096 δὲ
61 2032 155 2119 πρὸς
175 2033 210 2098 τὸ
225 2023 415 2120 Ιχεῖρυντήυ
436 2033 566 2117 ἔκβασιν
584 2035 828 2118 προεσήμαινον.
873 2033 892 2118 ἦ
916 2037 950 2098 δὲ
969 2040 1085 2117 βασινιΥ

19 2135 55 2200 εἰ
83 2136 145 2206 καί
166 2137 345 2221 α’μφίβυλος
373 2137 414 2220 τῷ
446 2141 584 2218 βασιλεῖ
608 2137 663 2198 καί
690 2132 873 2218 α’σιῖμβατος
902 2129 940 2219 ήν
969 2138 1005 2200 ἑν
1028 2139 1068 2224 τῇ
1126 2173 1130 2179 ·

2 2237 136 2324 πομπῇ
170 2238 225 2299 καί
251 2230 316 2301 οἷον
348 2233 552 2320 ἀμφήριστος
585 2233 618 2299 ἐκ
650 2237 744 2299 τιναῖν
774 2244 837 2312 τοῖς
868 2241 1068 2302 συνοικοῦσιν

2 2342 260 2420 συμβαινουσῶν
275 2333 438 2422 θρύψεων,
460 2335 541 2401 α’λλά
555 2361 590 2419 ys
609 2338 649 2425 τῇ
662 2339 740 2420 πρὸς
751 2335 809 2402 ιόν
829 2330 930 2421 ἄνδρα
952 2339 1068 2427 στοργῇ

2 2445 227 2525 απονηθιῖσα.
241 2438 320 2526 πρδς
351 2442 460 2503 τοῦτον
484 2440 528 2513 εἰς
550 2436 608 2522 τήν
633 2440 787 2504 ἐπιοῦσαν
809 2441 1067 2525 διεπεπεραίωτο,

31 2540 115 2626 πρὸς
144 2542 265 2626 ἡμέρας
291 2537 381 2617 τινοὶς
419 2535 639 2625 καρτερήσασα
667 2539 722 2605 καί
753 2539 809 2607 τόν
841 2539 1068 2625 συντακτήριον

3 2666 41 2708 ον
62 2644 123 2709 καί
144 2644 260 2727 τρόπον
281 2644 529 2725 οἶποσεμνίνασα
552 2642 665 2708 νόστου
686 2666 720 2707 τε
741 2626 903 2729 ἐμνήσθη,
926 2644 1067 2707 ιιοῖκείνον
1160 2630 1165 2640 ’

14 2741 76 2828 τήν
100 2740 186 2809 ἓεδαν
207 2740 286 2824 μετὰ
310 2746 373 2807 τῶν
402 2742 565 2811 εἰωθότων
596 2745 868 2829 προπιμιιτηρίων
895 2742 1063 2839 ἀπέλυσεν.
1088 2748 1093 2758 ’

2 3034 55 3082 ue,
78 3034 133 3088 qno
154 3033 298 3070 secernere
319 3018 470 3071 haereticos
490 3016 522 3070 ab
545 3016 702 3069 orthodoxis
730 3022 757 3066 et
775 3015 959 3081 deprecationi
977 3013 1064 3067 subii..

2 3106 19 3139 *e
40 3090 114 3141 aliud
135 3090 276 3141 credentes
296 3088 429 3141 ccclesiae
449 3106 505 3143 mos
526 3097 587 3154 est,
608 3089 640 3141 ad
661 3088 733 3139 veris
752 3086 851 3153 palatia
871 3101 905 3138 ex
922 3100 996 3136 more
1014 3102 1064 3137 ac.

4 3162 52 3224 sit,
75 3170 218 3229 postquam
239 3162 380 3227 superiore
400 3162 442 3214 die
463 3176 577 3213 annuum
597 3159 745 3210 honestatis
766 3165 910 3221 certarnen,
930 3172 998 3225 quae
1020 3158 1063 3209 di.

2 3246 25 3281 rr
46 3246 116 3301 roga
138 3233 312 3301 (stipendium
332 3249 353 3283 s.
373 3234 556 3301 donationem)
588 3230 756 3298 principibus
776 3235 883 3280 senatus
902 3227 1026 3279 institnit.

57 3322 219 3373 Traiiciente
238 3329 324 3374 autem
346 3337 378 3372 σο
399 3320 596 3379 Chalcedonius
616 3320 724 3383 fretum,
744 3316 866 3369 columba
887 3317 957 3368 forte
977 3317 1063 3368 advo.
1143 3351 1146 3362 .

2 3408 28 3455 rs,
51 3408 106 3445 non
128 3394 234 3443 omnino
257 3392 326 3456 alba,
346 3393 393 3445 sed
411 3395 568 3461 nigrescens
594 3391 709 3459 plurimo
731 3403 860 3457 corpore,
879 3403 974 3440 navem
994 3403 1063 3458 quae

2 3478 51 3529 gem
70 3464 176 3517 ferebat
196 3464 277 3526 adiit,
298 3465 383 3514 donec
402 3465 429 3514 in
453 3462 529 3514 illum
549 3466 634 3529 ipsum
655 3462 774 3513 assidens
799 3461 826 3510 in
844 3474 936 3511 manus
957 3461 1014 3511 eius
1033 3474 1063 3509 se

2 3534 128 3587 iuuabat:
150 3544 229 3603 atque
249 3534 297 3585 ille
316 3534 383 3585 hanc
402 3536 515 3603 reginae
535 3535 616 3597 misit,
635 3542 704 3600 quae
724 3534 751 3583 in
770 3532 846 3600 regia
864 3530 937 3582 urbis
956 3538 1064 3597 praeter

6 3606 67 3657 itum
87 3614 259 3659 remanserat.
280 3605 332 3656 hoe
353 3613 440 3657 autem
462 3606 566 3673 signum
587 3605 727 3656 videbatur
746 3602 983 3655 fururncuinsdam
1002 3602 1063 3652 exi.
1149 3614 1155 3622 ¹

2 3692 20 3726 r:
44 3694 131 3747 neque
153 3692 218 3730 vero
239 3677 419 3729 similitudinis
451 3684 478 3727 et
496 3676 649 3727 harmoniae
673 3676 707 3727 iis
727 3676 772 3741 qui
798 3674 851 3725 hoe
871 3679 1063 3739 componerent

2 3746 34 3800 dir
52 3751 281 3818 comparationem.
326 3748 373 3800 sed
402 3747 448 3798 alii
467 3748 499 3798 ad
517 3746 622 3811 melius,
652 3747 698 3798 alii
719 3746 751 3797 ad
771 3748 847 3812 peius
867 3744 965 3796 exitum
983 3750 1061 3795 antea

2 3817 121 3874 ferebant.
141 3822 234 3888 regina
254 3828 342 3871 autern
361 3818 426 3869 licet
444 3820 547 3869 incerta
565 3819 623 3884 regi
643 3825 670 3868 et
688 3815 897 3867 inconciliabilis
917 3816 943 3865 in
964 3828 1061 3882 pompa

16 3894 85 3956 quasi
105 3907 202 3959 anceps
223 3890 256 3942 ob
276 3892 401 3959 quasdam
421 3896 562 3940 consuetas
585 3885 745 3954 coniugibus
763 3887 886 3949 delicias,
905 3886 953 3938 sed
972 3892 1060 3937 tamen

2 3974 54 4011 rore
77 3966 127 4015 viri
146 3964 251 4016 devicta
277 3964 310 4014 ad
335 3962 406 4013 hunc
424 3968 533 4027 postero
560 3959 603 4011 die
628 3967 795 4024 transgressa
815 3964 900 4009 estet
920 3964 1059 4027 postquam

2 4046 16 4081 u
34 4032 87 4086 dies
104 4033 247 4088 nonnullos
267 4035 304 4085 ibi
325 4040 431 4085 versata
453 4039 492 4083 eat
512 4039 538 4082 et
565 4030 727 4081 secessionis
746 4044 896 4080 sermonem
916 4036 942 4079 et
959 4044 1060 4081 morem

2 4099 120 4171 lebravit,
137 4108 237 4160 reditus
256 4107 411 4157 meminerat
431 4113 457 4156 et
478 4102 554 4155 illum
574 4102 606 4154 ad
637 4099 796 4153 orientalem
815 4108 912 4152 terram
934 4107 992 4153 cunr
1011 4116 1058 4155 so.

2 4173 24 4227 lis
41 4181 231 4247 prosecutionis
250 4178 468 4236 testudinum„
