2834 4750
515 283 725 360 moronti.
1091 281 1165 369 m

48 445 171 512 πόσαι
192 446 422 528 δεδυνημόνσυς
442 447 522 530 μήτε
537 444 653 528 λόχους
677 444 824 531 καθίσσαι,
844 444 926 532 μήτε
946 448 1072 536 πολίμρ
1096 451 1169 535 δρι-

51 552 127 626 μεῖ
145 540 304 626 κρίναιτδ
325 546 387 610 πᾶν
412 547 705 633 εόδυφρονοόντας,
722 545 803 630 μήτε
827 545 976 629 δυνάμεις
992 551 1055 613 τῶν
1076 551 1169 617 ἔναν-

50 647 238 726 τιουμίνων
268 644 378 720 αότοῖς
408 645 646 732 διακρίναντας,
676 647 746 710 ἄλλ’
779 643 828 712 ἐνί
847 648 955 712 κανόνι
983 651 1170 730 χρωμένους

51 743 148 828 πρὸς
170 737 323 822 ἅπαντας,
348 743 425 820 τοός
443 769 476 810 τε
501 743 738 822 δυνατωτάτους
766 749 829 812 τοῖν
852 750 1000 813 ἐναντίων
1020 751 1076 813 καί
1094 747 1170 824 τοδς

20 848 227 928 5γλιλιχρως
259 847 315 910 καί
341 841 534 928 ἡγεμονικῶς
564 843 621 912 εἴτ’
643 839 700 912 σόν
722 852 923 934 τοπαρχικοός
955 845 1097 931 ἔχοντες,
1138 853 1173 937 τί

51 943 125 1028 γὰρ
159 935 199 1030 ἡν
228 945 300 1010 τότε
328 949 397 1022 δέος
419 943 497 1031 πρὸς
527 947 583 1012 τόν
614 950 670 1012 τοῦ
692 944 806 1014 Χόλεπ
835 943 973 1032 ἡγεμόνα
1000 950 1046 1022 είς
1068 946 1102 1013 τό
1123 945 1168 1032 μή

54 1044 199 1112 διώκειν
222 1045 318 1112 αὐτόν
340 1043 486 1130 ἀκρατοῦς
506 1046 586 1129 μετό
606 1047 663 1132 τήν
683 1048 1171 1136 τροπὴνμόπισδοφυλακοῦντος

55 1150 124 1212 τοῦ
146 1152 304 1229 βασιλέως
330 1144 411 1228 μετσὶ
434 1151 489 1231 τῆς
511 1151 621 1230 λοιπῆς
644 1151 699 1213 τοῦ
723 1154 860 1231 στρατοῦ
882 1153 1016 1232 μοίρας,
1037 1149 1092 1218 καί
1111 1174 1171 1218 κοι-

55 1247 159 1312 τόντιν
183 1244 361 1331 ἐπιτρέπειν
393 1245 448 1331 τήν
478 1246 681 1339 παρεμβολήν
714 1247 849 1313 ἕπεσθαι
880 1253 995 1333 μέχρις
1021 1245 1098 1315 ότου
1117 1253 1174 1323 καί
1250 1328 1260 1340 x

9 1353 108 1439 10τῷ
126 1345 242 1419 xiim
265 1351 439 1433 ἐπέστησαν
460 1353 513 1413 καί
533 1351 607 1424 τοὺς
629 1347 718 1414 ἔνδον
738 1353 780 1436 τῷ
802 1352 893 1440 φόβρ
914 1355 1097 1419 κατέσεισαν
1117 1351 1174 1419 καί

57 1451 125 1536 τήν
157 1451 247 1518 πόλιν
268 1443 376 1516 adrev
407 1447 662 1532 παρεστήσαντο,
685 1449 757 1524 roric
785 1453 911 1528 πλείους
932 1454 995 1517 ταῖν
1016 1478 1174 1536 στρατιω-

59 1557 133 1616 τῶν
154 1553 187 1614 ἐν
208 1551 245 1636 τῇ
266 1553 354 1636 φυγῇ
376 1550 625 1632 κατακόψαντες.
670 1549 779 1627 καθώς
801 1550 863 1636 γὰρ
884 1558 940 1619 καί
957 1551 1092 1636 ὕστερον
1111 1574 1191 1635 με-’

59 1648 272 1732 μαθήκαμεν,
292 1643 340 1713 ότι
363 1651 417 1714 καί
439 1650 533 1714 αότοί
555 1647 584 1713 σί
606 1651 663 1714 τοῦ
682 1650 797 1722 Χοίλετι
819 1654 1069 1734 καραδοκοῦντες
1090 1647 1172 1738 ἡσαν

62 1742 173 1841 ἐφ’ρῖ
203 1748 259 1835 τήν
292 1748 381 1816 πόλιν
404 1752 510 1815 ου’τιόν
539 1746 686 1840 όμολογίρ
717 1757 773 1816 καί
796 1749 971 1836 συνθήκαις
1003 1756 1173 1839 οἷφεσιμοις

14 1854 283 1936 15ποιραδοῦνοιι
296 1853 341 1938 τῷ
361 1856 496 1935 βασιλεῖ,
519 1853 644 1934 ἐπείπερ
665 1850 722 1931 γαί
747 1849 764 1936 ἡ
788 1853 896 1937 νεότης
915 1851 1035 1917 τούτων
1055 1857 1173 1919 παθεῖν

63 1952 182 2034 ἔμελλε
201 1955 315 2034 πόσα,
345 1951 377 2016 εί·
395 1954 515 2034 προέβη
537 1949 575 2015 τοὶ
601 1953 654 2034 τῆς
677 1950 823 2030 διώξεως.
877 1945 1015 2036 ήλαυνον
1036 1951 1098 2037 γὰρ
1121 1949 1176 2017 καί

64 2055 166 2120 edroi
186 2054 297 2141 πεζικῇ
321 2047 498 2134 παρατάξει
519 2049 572 2117 διὰ
596 2049 655 2134 τήν
677 2054 798 2116 ἐλπίδα
812 2055 870 2116 τοῦ
891 2052 1001 2134 προόην
1021 2056 1082 2117 ταῖν
1104 2054 1173 2122 Σπ-

65 2153 217 2236 ροικηνοῖν
245 2149 500 2237 προτερήματος,
530 2145 611 2216 ὥστε
632 2148 686 2216 τόν
714 2152 846 2236 χάρακα
868 2156 932 2218 τοόν
949 2152 1117 2234 Ῥωμαίων
1138 2155 1174 2233 ἐξ

63 2258 246 2330 ἐπιθέσεως
266 2249 413 2337 αἱρήσειν
428 2253 609 2334 πολεμικῆς.
652 2254 708 2326 νῦν
731 2254 767 2316 δὲ
779 2256 822 2340 τῷ
840 2254 1012 2341 α’διακρίτρι
1033 2256 1090 2336 τῆς
1110 2255 1174 2318 τεόν

19 2378 56 2433 χο
65 2352 238 2440 ἀρχόντων
268 2353 434 2438 ἡγεμονίας
457 2352 512 2419 καί
531 2355 585 2438 τής
605 2350 714 2422 atriis
741 2353 852 2444 ἰσχύος
879 2357 941 2420 ταῖν
954 2353 1123 2436 Ῥωμαίων
1143 2349 1175 2423 οἱ
1268 2387 1272 2393 v

64 2462 215 2537 βασιλεῖς
236 2459 292 2529 καί
309 2453 456 2538 ἡγεμόνες
476 2457 617 2542 ἰσχυρῶς
638 2456 858 2541 συνεχόμενοι,
880 2453 939 2531 τοὶς
954 2480 988 2523 τε
1006 2459 1099 2531 ratas
1113 2455 1174 2529 αδ·

67 2560 135 2622 ταῖν
160 2559 206 2631 εἰς
233 2556 340 2638 σ’γενὲς
372 2561 610 2639 περιστέλλουσι
643 2558 764 2640 πόροις,
792 2558 847 2629 καί
867 2554 943 2635 πυός
965 2555 1107 2641 ἐχθροός
1129 2556 1175 2632 εἰς

67 2652 207 2744 αὔχημα
237 2660 345 2738 μεῖζον
365 2660 568 2742 ἐπαίρουσιν,
598 2655 630 2723 σί
648 2661 702 2721 καί
722 2656 901 2742 κυριαρχήν
930 2654 964 2723 ἒν
984 2655 1177 2746 τνῖΰ.ν.ι’κρις

146 2852 190 2907 23.
210 2814 398 2925 νισριαρχεῖνῗ

73 3033 197 3088 valentes
216 3048 305 3101 neque
325 3033 458 3097 centurias
478 3033 651 3095 constituere,
670 3047 759 3099 neque
778 3031 917 3083 belloacri
933 3032 1178 3084 decernereomnia

73 3106 164 3157 animo
178 3104 387 3168 contendentes,
409 3120 496 3172 neque
516 3104 588 3157 vires
606 3106 792 3169 oppositorum
805 3102 857 3153 sibi
867 3103 1051 3165 diiudicentur,
1064 3103 1178 3157 sedam

74 3179 109 3228 ad
135 3192 227 3227 omnes
255 3183 360 3226 utentes
388 3176 492 3243 regula,
518 3184 546 3226 ot
571 3176 602 3229 ad
621 3174 821 3240 potentissimos
842 3172 957 3226 hostium
977 3174 1115 3236 madeus,
1132 3174 1178 3239 qui

75 3258 173 3302 tenues
193 3255 220 3298 et
238 3246 286 3298 snb
307 3247 373 3299 duce
392 3248 451 3300 sive
470 3247 524 3299 loci
543 3248 664 3313 principe
684 3251 753 3307 sunt,
792 3244 837 3312 qui
857 3245 927 3295 enim
947 3252 1003 3298 erat
1021 3252 1074 3308 tum
1093 3251 1179 3294 metus

74 3336 112 3373 ne
133 3316 245 3383 Chalepi
264 3318 356 3369 ducem
375 3326 601 3387 persequerentur
610 3319 678 3369 ,siue
696 3315 855 3368 remissione
874 3324 935 3381 post
954 3313 1179 3383 fugamregepl.

74 3393 157 3444 timos
172 3389 284 3443 ducente
298 3404 356 3439 cum
375 3390 480 3457 reliqua
495 3391 628 3441 exereitus
639 3386 723 3455 parte,
744 3394 771 3438 et
788 3387 960 3438 adverterent
974 3394 1076 3454 etergo
1093 3393 1180 3437 castra

76 3463 111 3515 ad
130 3461 292 3528 sequendum
313 3462 399 3512 donec
419 3460 463 3513 vel
491 3460 610 3529 Chalepo
636 3462 767 3511 instarent
793 3466 819 3509 et
845 3460 915 3510 intus
941 3465 1080 3512 versantes
1106 3464 1179 3509 metu

76 3539 252 3602 percuterent
271 3540 298 3584 et
316 3530 408 3585 urbem
428 3547 520 3583 eorum
539 3532 702 3583 subiicerent
720 3528 834 3580 maxima
852 3528 965 3581 militum
985 3535 1059 3595 parte
1078 3526 1181 3594 iniuga

77 3604 178 3657 occisa.
208 3610 236 3654 ut
255 3604 333 3653 etiam
352 3609 446 3669 postea
471 3602 629 3665 audivimus,
650 3609 677 3653 et
695 3603 768 3668 ipsos
787 3599 901 3666 Chalepi
919 3599 1021 3652 incolas
1039 3599 1180 3668 ipsidiatos

78 3691 158 3737 esse,
184 3681 213 3724 ut
236 3673 328 3725 urbem
353 3688 425 3724 suam
452 3673 631 3727 conventione
658 3679 683 3723 et
707 3672 846 3738 promissis
871 3670 1021 3721 librationis
1045 3668 1181 3736 traderent

67 3747 148 3813 -regi,
168 3744 291 3813 quoniam
312 3744 390 3797 etiam
409 3745 533 3795 iuventus
552 3743 645 3795 horum
664 3744 719 3809 pati
739 3741 853 3792 debebat
871 3743 955 3791 omnis
981 3742 1004 3791 si
1022 3739 1182 3807 procederet

78 3816 242 3885 persecutio.
280 3814 517 3883 proficiscebantur
537 3816 606 3865 enim
626 3822 653 3864 et
671 3814 722 3878 ipsi
741 3812 859 3878 pedestri
875 3814 934 3861 acie
944 3819 1053 3877 propter
1064 3812 1181 3878 priorem

79 3890 272 3943 Saracenorum
293 3887 432 3938 victoriam
451 3892 599 3951 sperantes,
620 3900 649 3935 se
668 3882 768 3934 vallum
790 3881 949 3935 Graecorum
969 3882 1069 3951 impetu
1084 3890 1181 3949 ‚captu-

80 3976 124 4013 ros
146 3973 206 4013 esse
224 3952 335 4009 bellic'o.
374 3972 444 4009 nuno
463 3964 550 4007 autem
571 3954 761 4005 incertitudine
780 3952 885 4018 imperii
904 3953 1053 4020 principum
1079 3952 1183 4018 otior.

35 4078 39 4086 .
80 4030 202 4085 titudinis
223 4029 340 4097 ipsorum
352 4030 512 4085 Graecorum
531 4040 610 4093 reges
631 4032 657 4075 et
675 4024 756 4075 duces
776 4021 873 4075 retenti
893 4032 919 4075 et
939 4026 1065 4084 victorias
1082 4027 1183 4086 suasin

80 4097 230 4171 ignobilem
249 4108 357 4153 vertunt
375 4100 453 4153 finem
474 4106 500 4149 et
522 4096 613 4149 hostes
633 4095 665 4146 ad
683 4095 811 4147 maiorem
830 4094 928 4147 tollunt
947 4098 1116 4169 iactantiam,
1129 4097 1183 4167 ⁴*qni

82 4174 160 4227 etiam
172 4172 357 4243 principatum
377 4174 405 4224 in
429 4170 552 4227 victoriis
578 4166 717 4243 continua·
736 4167 924 4235 persecutione
952 4184 1007 4232 non
1028 4175 1183 4242 spectante·
