2834 4750
435 238 438 244 ¹
498 255 743 322 PRAEFATIO.
824 244 827 253 ’
1127 272 1168 322 11

71 421 221 495 deduxit
244 423 292 495 ad
318 447 455 496 annum
487 428 592 498 1081.
628 424 745 522 Inque
770 413 841 496 hac
869 425 980 496 altera
1001 387 1166 498 editione
1243 493 1253 502 ,
1350 467 1357 475 =

70 549 205 620 multos
230 550 331 622 locos
355 550 539 621 *historiae
567 550 752 621 Michaelis
776 542 965 622 Attaliatae
997 550 1170 624 transcri-

60 677 142 772 nsit
174 674 221 746 ad
247 676 424 767 verbum,
449 674 560 745 tacito
587 675 747 746 auctoris
770 660 935 768 nomine,
947 675 1168 772 resectisque

70 800 244 871 omnihus
258 800 300 870 iis
316 824 410 895 quae
423 798 469 870 ad
483 799 628 870 laudem
640 799 837 894 Nicephori
850 801 1059 871 Botaoiatae
1071 798 1169 872 dicta

70 924 223 996 lucrant.
1210 1018 1211 1021 Ἴ

106 1034 117 1087 ‘·
171 1042 359 1115 Eiusmodi
386 1042 554 1149 fraudem
576 1037 678 1136 ap‘ud
715 1054 882 1114 auctores
916 1040 1028 1113 medii
1065 1041 1169 1133 aovi,

71 1169 186 1238 imm'o
216 1168 254 1238 in
281 1169 382 1238 omni
411 1169 602 1261 memoria,
632 1190 706 1240 non
735 1167 784 1239 ita
810 1191 950 1260 raram,
975 1167 1068 1238 mire
1101 1163 1168 1240 ad-

70 1295 159 1366 iuvit
194 1295 404 1366 continuata
439 1292 613 1388 deinceps
639 1291 771 1364 domus
799 1291 977 1390 regnatrix
1009 1288 1169 1367 Comoe-

71 1443 216 1488 nooum.
280 1416 372 1508 Quis
400 1419 498 1489 enim
523 1431 612 1488 tunc
639 1418 849 1512 inquirebat
875 1416 921 1487 de
956 1416 1165 1512 Nicephoro

71 1543 261 1614 botaniata
285 1543 340 1616 vel
366 1542 412 1613 de
435 1544 651 1613 bucinatore
683 1541 832 1614 laudum
867 1542 968 1613 eiust
1003 1565 1168 1639 praeser-

68 1669 134 1738 tim
163 1692 278 1763 quum
306 1667 487 1763 Scyllaeo,
515 1658 740 1763 Bryennius,'
758 1668 862 1738 Anna
889 1663 1077 1738 Comnena
1107 1691 1169 1737 ea·
1255 1663 1259 1672 “

70 1792 153 1864 dem
192 1793 418 1901 narraverint
457 1791 502 1863 ad
542 1793 737 1864 maximam
775 1790 1048 1871 Comnenorum
1089 1792 1168 1889 glo-

70 1919 172 1989 riam.
234 1919 346 1991 Nobis
377 1895 523 2010 tamen,
555 1917 618 2014 qui
646 1931 755 1988 testes
782 1918 819 1988 in
854 1931 1048 2014 utramque
1083 1941 1169 2014 par-

71 2057 143 2114 tem
163 2035 298 2115 ¹audire
323 2045 502 2140 cupimus,
527 2043 639 2137 satius
651 2043 921 2115 ridetursontes
937 2044 1035 2140 ipsos
1049 2067 1168 2140 quan·

72 2183 148 2240 tum
176 2171 263 2240 licet
283 2167 584 2260 adire‚lerventes
611 2167 797 2238 interdum
818 2169 875 2239 rel
886 2193 1166 2265 nonnumquam

70 2293 250 2386 turbidos,
276 2294 410 2391 quibus
430 2307 552 2364 tamen
572 2294 653 2390 plus
682 2293 822 2389 saporis
844 2294 938 2364 inest
964 2274 1075 2391 quam
1095 2308 1168 2364 sta·

69 2419 264 2517 goantibus
304 2419 408 2513 aquis
449 2431 510 2489 aut
540 2419 638 2491 varia
681 2419 925 2516 corrivatione
962 2419 1168 2524 permixtis:

72 2545 191 2640 qualia
220 2544 293 2615 lere
335 2544 446 2614 nobis
476 2540 840 2639 praebent'Cedreni
874 2545 1038 2617 Zonaras
1072 2543 1167 2614 alio·

72 2693 228 2764 rumque
263 2667 300 2738 id
334 2692 447 2765 genus
485 2667 854 2763 chronographorum
885 2671 1068 2764 Synopses
1107 2669 1163 2739 rel

18 2827 21 2833 ·
71 2792 289 2890 synagogae.
373 2877 377 2886 Ι
1138 2770 1148 2794 ⁸

167 2910 266 2982 Talia
301 2923 476 2981 monente
512 2910 639 3003 Hosio,
674 2934 797 2981 rerum
831 2908 877 2981 ad
910 2910 1099 2983 historiam
1134 2925 1169 2983 et

72 3034 205 3107 litteras
236 3008 499 3131 pertinentium
535 3060 679 3106 summo
717 3035 881 3128 arbitro,
920 3036 1091 3133 magistro
1127 3059 1169 3108 ae

72 3157 209 3232 fautore
240 3186 355 3254 meo,
389 3162 491 3232 facile
524 3160 671 3233 indocta
711 3174 764 3232 est
797 3160 941 3232 illustris
969 3160 1167 3235 Academia

72 3286 165 3381 regia
201 3287 443 3358 Berolinensis
475 3300 514 3357 ut
539 3285 723 3358 Michaelis
752 3286 938 3379 Attaliatae
974 3287 1164 3364 historiam

73 3409 108 3478 in
123 3410 404 3507 byzantinorum
413 3386 641 3506 Scriptorum
671 3434 804 3507 corpus
820 3412 1012 3509 reciperet,
1034 3413 1072 3484 in
1092 3437 1168 3509 quo

72 3534 140 3603 iarn
170 3549 256 3606 ante
282 3534 461 3607 ducentos
487 3559 603 3607 annos
629 3536 749 3607 locum
763 3538 796 3607 ei
823 3539 1063 3636 assignaverat
1077 3537 1164 3610 Phi·

73 3655 190 3753 lippus
218 3660 396 3730 Labbeus»
738 3739 741 3743 ¹
897 3688 899 3692 ¹

170 3781 305 3855 Codice
328 3786 436 3880 igitur
445 3810 555 3881 quam
580 3784 1054 3884 accuratissimedescripto,
1071 3812 1163 3886 apo-

74 3907 249 4003 graphum
275 3909 572 4003 meum‚‘denuo
601 3936 683 3982 cum
711 3913 946 3984 membranis
970 3913 1166 4008 collatum,

76 4051 168 4101 anno
202 4034 295 4107 rsit
320 4036 470 4107 Bonnae
509 4034 547 4104 in
578 4059 708 4107 manus
742 4035 969 4136 bibliopolae
1001 4036 1164 4134 tradidi,

80 4155 180 4251 quod
215 4184 314 4233 nunc
354 4160 503 4235 demum
541 4160 679 4259 publici
721 4163 809 4235 iuris
846 4162 888 4236 fit
927 4187 1011 4237 eum
1048 4164 1160 4239 latina
