2834 4750
515 289 724 360 HISTORIA.
1120 296 1169 369 65

61 452 210 516 κολάκων
230 448 451 532 νεανιεύματα.
496 449 674 537 άπόπειραν
697 455 734 517 δὲ
755 456 811 537 τῆς
836 455 938 518 αῦτοῦ
957 461 1172 578 προαιρέσεως

62 550 253 634 ποιούμενος
266 577 282 614 ο
273 549 445 631 ιβασιλεύς
459 569 545 628 τινας
561 555 785 638 μητροπόλεως
806 559 1018 638 προεστῶτας,
1039 553 1115 639 οῦς
1108 582 1171 621 ιιαι

62 654 276 739 λαμπροτέρους
292 655 355 716 τεόν
377 645 511 716 όλλων’
496 655 671 736 εγίνεσσκεν,
695 651 737 728 σός
752 652 849 718 αότὸν
862 658 1049 724 αποστέλλει
1063 662 1173 723 διαλε-

64 757 219 835 ξομένους
239 757 314 836 περί
333 755 389 817 τοῦ
411 750 469 837 τήν
491 753 586 838 τιμήν
608 752 809 821 καταθέσθαὶ
828 755 884 820 καί
902 755 946 838 μή
972 756 1096 847 συνόόηι
1120 785 1172 824 και

30 852 212 942 5συλλόμρι
227 862 401 938 περιφανεῖ
419 853 719 937 ὃημοσιευθήναι
683 881 722 920 τα
736 857 805 917 κατ’
820 857 931 918 αῦτοῦ.
955 851 1117 933 άνάλωτος
1138 861 1174 924 δὲ

65 949 195 1028 τούτοις
216 953 330 1039 όφθεις
352 951 407 1017 καί
423 953 649 1077 α’περίτρεπτρς
662 959 694 1032 ἐς
716 981 756 1019 τα
747 954 917 1037 μάλιστα,
933 981 985 1020 ναι
982 957 1174 1041 πυρίπνους

66 1053 129 1138 τήν
150 1056 298 1137 γλῶσσαν
318 1055 374 1118 καί
393 1079 453 1138 την
474 1055 588 1172 όρμήν,
610 1057 860 1139 καταιόεσθήναι
875 1057 1006 1134 τούτους
1025 1061 1174 1142 πεποίηκε

67 1179 122 1218 και
117 1153 252 1229 ἱκέτας
275 1153 355 1238 πρός
378 1155 410 1219 τὸ
432 1154 616 1239 συγννάμες
635 1164 754 1238 τυχεῖν.
798 1155 1024 1232 ἐπανελθόντες
1046 1150 1104 1222 οῦν
1124 1161 1174 1224 εί-

67 1263 141 1320 πεῖν
162 1258 260 1320 enervo
283 1255 363 1338 πρός
384 1255 441 1319 τόν
461 1259 630 1336 πέμψαντα
657 1258 898 1340 συνεστάλησαν
930 1254 1080 1339 actaeae
1097 1256 1175 1341 “alr-

10 1356 209 1440 1οτήμιθα,
229 1357 382 1438 βασιλεῦ,
399 1354 574 1440 ἡττήμεθα,
595 1362 742 1440 κρείττων
765 1355 941 1422 άπειλτῦνό
966 1354 1064 1443 άνήρ,
1092 1373 1191 1422 παν-“
1253 1413 1258 1421 .

65 1456 121 1532 τός
146 1457 241 1539 λόγου
264 1458 318 1521 καί
341 1460 473 1531 πειθοῦς
495 1453 722 1539 ἰσχυρότερος,
752 1455 833 1521 άλλά
853 1463 908 1523 καί
929 1462 1029 1542 λαβῆς
1050 1459 1176 1544 ἁπάσης

67 1559 176 1646 πολλῷ
190 1561 232 1647 τῷ
253 1556 394 1641 περιόντι
417 1554 584 1640 άντότερος.
611 1559 641 1640 εί
663 1547 718 1620 οῦν
741 1561 784 1644 τῷ
805 1555 1001 1648 ἀνεπιλήπτῳ
1021 1560 1077 1623 καί
1098 1561 1176 1624 αἰια-

69 1682 252 1775 τργιυνιστηι
283 1657 493 1740 προσβάλλειν
524 1660 664 1738 ἐθέλεις,
686 1650 875 1740 άναλυγίζου
903 1657 960 1742 τήν
989 1652 1089 1743 ἧτταν
1122 1685 1174 1723 και

68 1757 126 1824 τόν
149 1756 296 1824 ἐντεῦθεν
317 1756 525 1840 μετάμελον.”
566 1756 687 1824 τούτων
707 1759 852 1842 υιίιηκοιός
885 1786 900 1824 ο
891 1761 1076 1843 ”βασιλεύς
1097 1760 1176 1826 σύν-

14 1870 57 1923 15
70 1882 146 1933 νους
165 1887 205 1942 ην
227 1838 283 1925 καί
301 1858 539 1945 πεφροντικώς,
570 1862 636 1934 noc
666 1859 722 1924 καί
749 1865 820 1925 τίνα
842 1859 957 1944 τρόπον
984 1868 1047 1938 τοῖς
1073 1863 1175 1944 πράγ-

69 1984 152 2042 μασι
172 1963 342 2045 χρήσαιτο.
395 1963 428 2024 ἐν
452 1963 496 2048 τῦ
521 1965 609 2049 μέσῳ
634 1963 683 2026 ot
691 1964 748 2024 ro5
777 1966 855 2026 θεοῦ
884 1959 1025 2045 κρεῖττόν
1046 1985 1077 2026 τι
1097 1984 1175 2046 πρυ-

70 2067 286 2148 βλεψαμὲνου,
308 2063 341 2126 ἐν
364 2055 473 2151 εἰρήνῃ
496 2062 705 2143 μεταλλάττει
722 2061 757 2126 τό
782 2064 838 2144 ζῆν
860 2057 1072 2146 όάρχιερεύς,
1095 2086 1178 2146 προ-

73 2159 240 2247 θεωρήσας
270 2161 328 2245 τήν
357 2161 449 2240 θείαν
469 2163 658 2246 μετάκλησιν
683 2164 725 2226 δι’
752 2153 846 2226 ’όσιόυ
869 2165 924 2224 καί
944 2166 1095 2246 μεγίστου
1118 2162 1177 2247 τήν

75 2260 194 2386 α’ρετήν
220 2263 312 2346 5ya'oo
346 2263 478 2349 α’νῦρός,
506 2266 559 2326 καί
591 2255 640 2325 ότι
666 2273 732 2336 τοῖς
760 2266 794 2328 ἐν
826 2260 959 2344 άσκήσει
989 2269 1045 2328 καί
1069 2265 1177 2352 άγνείρι

18 2361 325 2448 Ξθεύαρεστήοαοιν
360 2367 548 2449 ἐναρίθμιος
575 2356 638 2445 etv,
662 2365 803 2452 ἐνμέσῳ
836 2367 901 2447 τῆς
920 2360 1047 2449 μνήμης
1069 2365 1177 2428 αύτεῦν

74 2465 135 2543 πρὸ
154 2465 208 2547 τῆς
236 2467 294 2529 τοῦ
315 2469 456 2551 σωτήρος
489 2464 579 2584 ήμῶν
598 2466 703 2550 Ἰησοῦ
731 2469 878 2587 Χριστοῦ
910 2463 963 2540 όιά
987 2469 1176 2585 ριλανθριο-

76 2567 151 2630 πίαν
173 2558 455 2691 ἐνανθρριπήσεισς,
474 2569 538 2630 τάν
553 2568 705 2652 φθαρτῶν
724 2569 778 2629 καί
796 2569 955 2689 ἐπικήρων
970 2566 1029 2649 τήν
1042 2560 1177 2651 άφθαρ-

75 2690 126 2731 τον
149 2664 233 2751 ζωήν
256 2693 308 2733 και
304 2666 512 2751 α’νοόλεθρον
532 2664 793 2731 άνταλλάττεται.
829 2670 900 2731 καί
921 2671 1042 2753 προέβη
1059 2666 1098 2733 τά
1119 2692 1176 2751 της

74 2766 285 2854 προρρήσεως
302 2772 522 2846 τελειωθέντος
544 2775 613 2834 κατ’
634 2770 755 2843 ἐκείνας
776 2767 834 2843 τάς
856 2768 978 2862 ἡμέρας
999 2769 1055 2833 τοῦ
1078 2766 1176 2855 άρχι-

146 2953 173 3007 6.
192 2959 347 3026 περίπνονε
367 2954 397 3011 0.

1143 3089 1155 3114 Ο

73 3126 209 3189 dentiores
229 3126 326 3178 ceteris
344 3122 487 3189 iudicabat,
506 3127 539 3177 ad
558 3140 616 3179 eum
635 3127 724 3189 mittit,
744 3126 789 3192 qni
808 3140 866 3175 cum
887 3140 919 3175 eo
939 3132 1050 3192 agerent
1068 3124 1101 3175 de
1114 3126 1175 3193 dig.

74 3201 158 3249 nitate
178 3198 342 3265 deponenda,
362 3212 433 3249 neve
453 3206 588 3249 conventu
608 3205 634 3247 et
654 3197 769 3248 concilio
789 3195 897 3263 publico
918 3212 986 3264 quae
1005 3205 1096 3249 contra
1116 3212 1176 3248 enm

74 3270 285 3337 divulgarentur.
317 3270 432 3320 invictus
452 3279 539 3321 autem
558 3269 599 3320 his
619 3283 749 3334 apparens
770 3275 796 3318 ct
814 3269 935 3319 immotus
954 3269 1067 3319 maxime
1087 3276 1113 3320 et
1132 3269 1175 3320 el-

74 3341 153 3393 flatus
172 3340 265 3409 lingna
285 3348 311 3391 et
329 3342 429 3406 impetn
448 3348 477 3391 ut
491 3341 610 3425 puderet
631 3354 676 3390 cos
697 3339 771 3403 fecit,
792 3347 818 3399 et
838 3348 945 3391 orarent
963 3346 992 3391 ut
1010 3340 1087 3391 sibi·
1080 3355 1176 3409 ignes·
1217 3345 1219 3350 '

79 3420 168 3466 cerat.
187 3413 291 3463 reversi
309 3412 390 3480 igitur
410 3412 548 3479 quominus
574 3411 641 3463 illud
660 3377 781 3462 dicererlt
798 3410 830 3461 acl
854 3412 1001 3464 mittentem
1019 3411 1176 3464 retineban-

73 3497 119 3543 tur
135 3482 211 3535 nullo
236 3483 330 3535 modo:
356 3484 421 3534 victi
446 3499 550 3547 sumus,
576 3499 640 3547 rex,
666 3483 733 3535 victi
752 3486 859 3546 sumus,
879 3475 975 3535 melior
994 3492 1035 3534 est
1051 3484 1175 3533 minitans

74 3559 126 3619 vir,
147 3555 217 3605 omni
237 3556 359 3606 oratione
379 3562 406 3604 et
424 3555 504 3606 suada
523 3554 647 3617 validior,
667 3555 715 3606 sed
734 3555 813 3604 etiam
831 3520 984 3605 i5lirmitate
1003 3555 1073 3605 omni
1092 3552 1175 3604 multo

75 3627 206 3694 asperior.
243 3626 337 3692 quodsi
365 3624 456 3690 probri
488 3634 623 3692 expertem
656 3634 682 3677 et
705 3626 834 3676 invictum
863 3626 973 3692 aggredi
998 3626 1056 3687 ris,
1081 3632 1176 3690 reputa

75 3698 177 3751 cladem
205 3704 231 3747 et
254 3697 315 3748 inde
342 3704 544 3747 consecuturam
568 3698 768 3763 poenitentiam.
812 3695 853 3746 his
880 3696 976 3747 auditis
994 3710 1043 3745 rex
1060 3696 1176 3762 prudens

74 3770 157 3823 tiebat
181 3775 209 3819 et
227 3769 371 3836 cogitavit,
398 3768 529 3834 quomodo
548 3767 627 3818 rebus
646 3775 776 3818 uteretur.
812 3768 916 3817 interea
941 3773 1027 3816 autem
1046 3768 1097 3820 cleo
1115 3782 1175 3818 me.
1271 3764 1277 3775 “

75 3843 128 3893 lius
154 3839 216 3908 quid
239 3840 399 3905 providente
424 3839 451 3887 in
477 3852 544 3904 paca
562 3838 692 3906 relinquit
710 3839 792 3889 vitam
810 3836 933 3919 pontifex
950 3838 1077 3891 maximus
1097 3846 1176 3891 antea

75 3913 195 3967 sentiens
215 3911 331 3962 divinam
349 3910 519 3962 vocationem
538 3917 648 3992 propter
666 3910 703 3975 pii
725 3915 751 3958 et
769 3908 876 3958 maximi
896 3909 1021 3960 virtutem
1039 3911 1092 3963 viri
1111 3926 1175 3963 san-

76 3986 121 4047 cti,
142 3990 169 4033 et
187 3982 257 4048 quod
275 3982 345 4033 inter
364 3988 496 4047 spectatos
517 3980 646 4030 exercitio
662 3986 688 4028 et
707 3979 847 4029 sanctitate
865 3989 1017 4051 numeratus
1035 3983 1176 4033 inmemo-

75 4057 116 4107 ria
143 4067 233 4104 eornm
258 4067 306 4119 pro
336 4052 477 4105 salvatoris
495 4051 580 4102 nostri
599 4048 661 4101 lesu
680 4048 780 4101 Christi
800 4041 920 4101 humana
933 4054 1052 4119 corporis
1072 4068 1176 4108 assum.

75 4128 167 4195 pliona
192 4122 348 4175 mortalibus
373 4131 400 4175 et
424 4123 530 4175 caducis
556 4119 729 4173 immortalem
748 4122 829 4172 vitam
849 4131 876 4174 et
895 4123 1067 4176 indelebilem
1084 4133 1175 4177 mutat.

76 4206 105 4251 et
112 4197 215 4249 evenit
232 4194 396 4263 praedictum
414 4195 540 4248 defuncto
559 4192 614 4245 illis
634 4192 727 4247 diebus
746 4200 854 4261 pastore
873 4209 983 4261 sommo,
1004 4204 1030 4247 et
1048 4208 1175 4266 rexpoe-

144 4305 416 4363 καλλινάοιο.
959 4307 976 4361 5
