2834 4750
248 205 304 294 λό’
535 211 756 282 menime
786 212 1047 282 tuitione

307 371 462 459 Ἐπόόησε
478 376 513 440 tt
524 378 585 440 τῶν
598 367 702 442 ἄλλων
717 375 864 442 όπόντων
885 371 1065 460 όβασιλτός
1087 374 1236 444 ἐπέκεινα
1253 378 1326 464 τήν
1337 404 1370 446 τε

236 481 309 568 γτῶν
320 480 481 562 δημοσίων
491 475 665 562 χρημάτων
681 476 855 563 ἐπαύξησιν
868 481 922 543 καί
933 481 994 561 τῶν
1006 479 1176 545 ἰδιωτικῶν
1186 482 1297 545 δικῶν
1311 481 1371 566 τὴν

247 578 401 660 ἀκρόασιν
416 575 471 640 κατ’
482 576 604 653 τούτοις
618 576 673 661 τὴν
686 578 818 659 μείζονα
831 580 987 663 φροντίδα
1003 584 1171 644 κατεκένου
1187 583 1249 664 τῆς
1261 587 1370 664 βασι.

190 677 193 684 ’
246 682 343 754 λειάς,
368 679 432 742 τῶν
455 671 559 742 άλλων
577 671 671 762 ἧττον
688 682 862 760 βασιλικῶν
879 679 1088 762 ἀπεχόμενος
1099 733 1108 764 ,
1120 686 1370 765 στρατιωτικῶν

246 781 332 866 φημό
343 781 399 842 κατ’
410 780 626 864 στρατηγικῶν
647 777 924 864 πλεονεκτημάτων
943 783 998 843 καί
1011 778 1066 864 τῆς
1088 781 1240 846 ἐντεῦθεν
1263 781 1390 846 catto-5

245 878 324 958 ξίας,
347 886 412 953 τοῖς
433 879 608 964 εἰρημένοις
629 884 799 953 πολιτικοῖς
815 881 994 961 εὐδοκιμεῖν
1013 879 1283 962 προαιρούμενος.
1310 884 1367 946 διά

245 976 284 1064 δὴ
296 982 465 1046 ταῦτακαὶ
477 988 721 1065 συκοφαντικοῖς
740 982 903 1064 ἐπηρείας
918 983 974 1046 καί
986 990 1188 1065 σοφιστικαῖς
1203 982 1368 1063 μεθόδσις

245 1079 302 1146 κατ’
325 1079 492 1144 δικανικῶν
514 1077 746 1163 προβλημάτων
768 1080 856 1168 ἐσμῶ
887 1083 942 1144 καί
961 1082 1367 1171 σεκρετικῶνιζητημάτων

246 1182 430 1256 ἐπιπλοκαῖς
442 1177 478 1243 τό
492 1174 673 1260 Ῥωμαϊκόν
687 1177 857 1261 ἐκλονεῖτο,
869 1185 924 1244 καί
942 1178 1027 1264 κοινῆ
1043 1183 1157 1263 μελέτη
1170 1191 1239 1269 τοῖς
1254 1175 1364 1246 ἅπασι
1408 1230 1409 1247 t

245 1279 281 1345 τό
295 1279 505 1363 ,κατορθῶσαι
537 1278 575 1344 τά
596 1283 725 1345 τοιαῦτα
749 1280 878 1363 ἐγίνετο,
907 1279 952 1356 ῶς
973 1282 1029 1344 καί
1050 1281 1169 1356 αότυός
1189 1277 1360 1367 στρατιῶ-
1370 1289 1395 1341 1⁰

245 1404 301 1457 τας
323 1385 513 1462 μεταβαλεῖν
546 1382 601 1444 καί
619 1386 818 1462 μεταμαθεῖν
850 1377 888 1446 τά
914 1381 995 1464 πρός
1015 1380 1074 1464 τὴν
1092 1381 1211 1446 τούτων
1232 1385 1360 1464 γνῶσιν

247 1481 459 1565 παράγοντα·
493 1481 549 1548 καί
569 1485 625 1547 τοῦ
645 1483 805 1562 βασιλέως
827 1482 1017 1565 εόπροσίτυυ
1042 1485 1097 1547 κατ’
1116 1481 1361 1567 μετριόφρονος
1408 1558 1410 1573 .

248 1575 337 1656 ὄντος
376 1583 431 1644 κατ’
465 1574 557 1665 ἧττον
585 1586 661 1666 περί
688 1580 725 1646 τό
750 1587 844 1664 σῶμα
878 1588 1063 1648 κσλαστικσῦ
1085 1587 1138 1647 κατ’
1159 1578 1200 1646 τά
1223 1587 1309 1667 περί
1326 1582 1360 1648 τό

107 1679 128 1738 l·
144 1679 195 1734 182
212 1685 336 1746 ῐιθεῖυν
356 1680 501 1764 εὐσεβεῖν
531 1685 697 1758 δοκοῦντος
725 1683 767 1758 ῶς
796 1687 936 1764 μάλιστα
968 1682 1170 1770 φιλοπτῶχου
1202 1706 1236 1748 τε
1272 1689 1359 1766 πέρα

137 1788 144 1795 ’
245 1784 301 1849 τοῦ
321 1782 442 1858 δέοντος
475 1783 530 1848 καί
557 1786 778 1870 φιλομονάχου
808 1788 1059 1870 καθισταμένου,
1084 1784 1140 1848 καί
1162 1786 1389 1869 ocemund-tt

248 1907 305 1949 νου
327 1883 401 1967 περὶ
421 1879 460 1948 τά
484 1881 567 1971 ἱερά,
589 1885 606 1970 ἦ
630 1883 710 1970 πρός
723 1886 762 1950 τά
779 1890 934 1968 λεχθέντα
948 1887 1040 1968 ἕτερα
1055 1883 1215 1971 κεφάλαια
1236 1878 1356 1950 εὔνοια

195 2065 199 2078 f
244 1984 302 2068 τη”ν
333 1989 396 2050 τῶν
423 1986 574 2050 τοιούτων
604 1989 853 2070 προτερημάτων
885 1981 1044 2071 ἤμβλυνεν
1073 1989 1278 2067 ἐπιμέλειαν,
1301 1989 1359 2050 κατ’

156 2165 161 2179 1
245 2081 325 2150 κατά
342 2089 428 2172 σφοῖς
449 2085 550 2162 αότάς
572 2087 666 2172 άρετῂ
691 2091 747 2152 καί
766 2089 860 2152 κακία
882 2093 956 2174 περὶ
976 2087 1011 2151 τό
1036 2086 1114 2152 αὐτό
1140 2085 1355 2168 όποκεᾲιενσν
1408 2148 1409 2157 ,

220 2189 419 2270 ’μονονουχὶ
439 2190 636 2267 ε’στασιάζυν.
661 2191 752 2270 ἐνίκα
771 2191 806 2253 δὲ
828 2189 914 2275 παρά
938 2187 1056 2264 πολλάς
1077 2188 1208 2273 ψήφους
1227 2185 1264 2249 τό
1292 2189 1355 2250 δυ·
1408 2182 1409 2239 l

162 2325 164 2330 ·
245 2289 378 2375 οπαθές,
394 2282 457 2377 όσφ
478 2295 533 2355 κατ’
550 2295 672 2356 πλείονι
683 2292 793 2376 μερίδι
811 2289 988 2376 ἐφὴπλωιο.
1010 2289 1044 2354 τό
1061 2286 1121 2374 γάρ
1144 2289 1276 2368 εὐσεβὲς
1300 2291 1387 2354 ualli

244 2390 277 2456 τό
302 2386 503 2477 φιλόπτωχσν
525 2388 593 2473 άμα
615 2392 669 2457 καί
690 2380 908 2475 φιλομόναχον
923 2396 978 2457 καί
992 2392 1025 2459 τό
1043 2390 1087 2475 μὴ
1114 2388 1194 2473 πρός
1215 2394 1351 2456 κόλασιν

246 2490 287 2554 δι’
310 2489 441 2572 αἵματος
475 2495 621 2577 ἕτοιμον,
651 2496 706 2557 καί
726 2492 804 2558 αότό
845 2492 880 2558 τό
901 2492 1104 2578 εόπρόσιτον,
1126 2495 1265 2559 ἐπαίνων
1290 2495 1350 2573 μὲν

246 2589 351 2667 οὐδείς
376 2583 415 2675 ἧν
436 2590 452 2657 ό
470 2590 513 2677 μη
543 2595 649 2675 άξιῶν,
672 2592 753 2679 πλὴν
776 2593 857 2659 άλλά
892 2598 936 2682 τῷ
958 2593 1064 2678 ἔχοντι
1084 2592 1169 2681 μόνῳ
1189 2591 1246 2677 τὴν
1270 2586 1347 2677 ‹iaq-
1408 2583 1409 2658 Ῠ

318 2724 344 2781 4.
365 2746 454 2795 ηττυν
474 2728 503 2782 G.
1408 2705 1409 2718 ό

346 2846 455 2917 copim
482 2857 571 2903 autem
595 2858 702 2918 praeter
726 2859 817 2904 cetera
841 2854 929 2905 omnin
946 2868 995 2904 rex
1019 2860 1046 2905 et
1068 2851 1234 2919 publicarum
1257 2866 1346 2903 rerum

240 2920 416 2975 secesionem
436 2928 463 2972 et
481 2922 642 2988 privatarum
658 2925 984 2978 actionumauditionem:
1006 2933 1032 2976 et
1050 2926 1092 2976 his
1110 2926 1238 2975 maiorem
1256 2939 1345 2974 euram

247 2990 420 3045 exhauriebat
437 2992 553 3060 imperii,
573 2994 633 3046 aliis
652 2997 771 3064 negotiis
795 2997 878 3065 regiis
897 2997 982 3047 minus
1010 2996 1123 3059 deditus,
1143 2994 1270 3046 militaria
1286 2995 1346 3046 (lico

246 3072 273 3115 et
291 3066 462 3132 imperatoria
484 3067 629 3129 commoda,
652 3077 678 3119 et
696 3068 808 3134 proinde
826 3069 954 3135 capienda
970 3067 1058 3134 gloria
1076 3068 1287 3118 commemoratis
1305 3069 1346 3117 oi.

245 3136 345 3188 vilibus
362 3136 443 3188 rebus
468 3145 496 3188 ut
520 3137 620 3189 nobilis
644 3140 723 3191 lieret
746 3140 831 3207 magis
852 3148 954 3205 optans.
1001 3148 1144 3205 propterea
1162 3138 1245 3205 igitur
1266 3151 1345 3202 syco-

245 3208 378 3277 phantiois
398 3209 475 3259 minis
496 3219 523 3262 et
542 3209 719 3276 sophistarum
738 3212 822 3262 instar
840 3207 917 3261 laetis
935 3212 1055 3261 artificiis
1075 3217 1102 3259 et
1120 3208 1205 3259 litium
1224 3208 1345 3260 multitu-

246 3281 307 3332 dine
327 3288 354 3329 et
372 3289 536 3331 secretorum
556 3283 743 3350 quaestionum
770 3281 994 3348 implicationibus
1016 3280 1133 3333 Graecus
1152 3278 1268 3345 populus
1286 3280 1345 3346 agi.

245 3351 350 3404 tabatur
376 3357 402 3400 et
432 3367 570 3404 commune
601 3354 716 3405 studium
742 3353 872 3404 omnibus·
888 3353 1039 3420 corrigendi
1064 3350 1129 3402 talia
1155 3350 1300 3414 oriebatur,
1318 3359 1346 3400 ut

213 3434 216 3439 ’
247 3425 326 3475 etiam
346 3423 419 3489 ipsos
436 3423 535 3475 milites
555 3434 585 3477 ut
598 3432 731 3475 mutarent
752 3433 779 3475 et
805 3423 884 3474 aliter
902 3424 1036 3476 discerent
1055 3423 1148 3475 horum
1167 3422 1345 3489 cognitionem

192 3502 196 3527 ³
246 3497 386 3548 adducunt.
407 3493 441 3546 Et
458 3510 570 3546 cumrex
587 3495 675 3547 facilis
690 3503 761 3547 esset
775 3503 801 3545 et
811 3496 944 3546 modestus
964 3504 990 3546 et
1007 3496 1092 3546 minus
1105 3508 1201 3560 corpus
1216 3495 1345 3560 castigans

246 3576 272 3618 et
291 3583 355 3636 erga
371 3566 461 3617 divina
475 3566 534 3633 pius
547 3567 682 3635 videretur
696 3581 773 3635 quam
782 3567 896 3617 maxime
908 3575 934 3617 et
945 3580 1196 3636 pauperum=amuns
1205 3580 1285 3630 supro
1296 3580 1345 3614 no-

159 3679 162 3685 .
246 3640 396 3689 cessitatem
418 3646 445 3688 et
466 3638 656 3689 monachorum
675 3646 747 3689 esset
765 3646 792 3688 et
815 3638 921 3690 timidus
944 3640 1016 3689 circa
1044 3652 1138 3699 sacra,
1156 3633 1344 3688 benevolentia

246 3710 273 3759 in
293 3710 505 3761 commemoratis
531 3709 591 3761 aliis
610 3708 777 3776 gravissimis
806 3707 885 3760 rebus
911 3711 970 3762 visa
993 3709 1085 3761 talium
1113 3709 1242 3760 virtutum
1260 3722 1344 3758 curam

248 3850 376 3901 seditiosa
396 3858 479 3901 erant.
517 3850 672 3918 reportabat
684 3858 771 3901 autem
791 3852 931 3903 victoriam
952 3851 1041 3904 multis
1063 3851 1203 3903 sententiis
1222 3849 1342 3916 indigna.

246 3922 295 3982 tio,
318 3931 370 3985 quo
390 3921 469 3970 etiam
488 3924 587 3974 maiore
605 3931 680 3990 parte
707 3922 842 3991 divulgata
863 3932 927 3974 erat.
975 3924 1051 3991 quod=
1066 3923 1135 3973 enim
1154 3923 1214 3987 pius
1242 3929 1296 3971 eret
1317 3928 1343 3969 et

248 4005 393 4056 pauperum
413 3990 491 4041 simul
512 4001 538 4043 et
558 3994 746 4045 monachorum
759 4011 848 4047 eniens
863 3995 996 4063 nequead
1016 3993 1197 4059 castigandum
1218 3992 1341 4059 sanguine

250 4067 388 4127 promptus
408 4068 435 4111 et
453 4056 567 4119 allabilis
588 4074 668 4128 esset,
698 4061 765 4117 haec
789 4080 868 4118 nemo
889 4075 962 4131 erat,
984 4068 1048 4134 quin
1068 4063 1188 4116 laudibus
1207 4063 1340 4131 dignaret3
1408 4109 1409 4130 χ

250 4132 298 4187 ted
313 4130 380 4184 haec
400 4133 425 4183 ei
445 4130 512 4196 toli,
543 4136 588 4201 qui
609 4152 647 4187 -ea
676 4135 800 4204 haberet,
830 4138 973 4208 utilitatem
999 4138 1096 4189 afferre
1120 4133 1290 4198 iudicabant,
1316 4140 1340 4184 et
1408 4137 1409 4174 t
