2834 4750
353 315 400 369 .·
458 311 482 326 ,.
531 265 741 335 ursuoars.
876 328 884 334 .
1029 269 1191 362 „sss

62 431 117 497 τὸ
151 428 287 517 κρημνόν
305 431 542 511 ἀποτέμνεσθαι
565 431 727 510 μέγιστον.
778 428 822 503 ώς
842 431 877 494 δέ
899 431 1058 516 α’νέστησα
1077 432 1192 516 τούτου

63 535 126 619 τῷ
153 533 268 618 ῥυτῆρι
291 532 395 611 νύξας,
416 527 517 604 ιύθύς
539 530 991 613 διατιυαξύμενσςαύτόματος
1011 534 1052 596 δι’
1072 525 1192 597 ἑαυτοῦ
1232 546 1234 552 “

65 635 130 721 τῷ
156 621 282 720 κρημνῷ
302 625 417 696 ἓαυτύν
439 627 673 714 κατηκόντισεν.
705 628 765 714 ἐγώ
789 632 824 696 δέ
845 637 956 712 μείνας
978 631 1076 719 δρθύς
1096 633 1192 711 δόξαν

66 735 146 815 μὲν
166 736 209 820 τῆ
234 736 300 820 θεῷ
329 736 383 816 τῆς
404 734 463 794 τού
490 728 635 794 κινδύνου
660 733 848 814 ἐλευθερίας
870 733 1056 815 ἀνέπεμψα,
1077 736 1191 813 θαύμιε

32 836 117 898 ὅδὲ
152 841 218 906 τοῖς
248 837 373 906 πολλοῖς
404 834 659 912 προσενέσταξα,
689 827 796 911 ὅπως,
831 826 897 898 οἷον
930 836 964 897 tu
986 829 1193 916 προγνώσεως

69 937 277 1018 θειοτέρας,
311 936 370 995 eds
394 933 544 1013 ἐπέμεινα
573 940 638 1008 τοῖς
659 931 770 1007 νώτοις
799 935 854 998 τού
882 935 980 997 δππου
1003 928 1138 1021 (ἧνγύρ
1162 956 1192 996 τι

67 1032 204 1118 μικρὸν
225 1033 371 1114 ὀκλάσας,
395 1027 470 1098 ὅσον
490 1030 664 1116 α’ναστῆναι
684 1035 741 1097 καί
762 1031 846 1099 πάνυ
879 1029 1009 1122 ῥᾴδιον)
1029 1032 1111 1098 istd
1133 1057 1194 1098 κα-
1238 1103 1243 1112 ,

67 1133 187 1217 radicis
207 1135 240 1198 έν
260 1135 353 1217 τύχει
375 1135 414 1197 ού
435 1135 640 1217 συναπῆλθον
659 1137 701 1220 τῷ
720 1138 847 1221 κρημνῷ
868 1134 923 1198 καί
941 1139 1127 1218 συνετρίβην
1149 1129 1192 1209 sie
1222 1187 1225 1192 .
1324 1150 1329 1196 ἰ

70 1232 234 1318 τάχιστα,
279 1235 405 1300 ἵσταντο
434 1234 493 1318 γὰρ
528 1229 639 1308 πάντες
662 1231 817 1317 θεώμενοι
849 1233 882 1300 τύ
904 1233 1021 1315 καινόν,
1040 1231 1111 1299 inti
1130 1241 1194 1310 τοῖς

18 1345 59 1399 10
70 1334 218 1401 κατόπιν
240 1336 297 1399 oda
320 1337 391 1418 ε’ξῆν
415 1338 593 1419 περαιτέρω
616 1336 718 1416 ἰέναι,
742 1338 797 1418 τῆς
822 1328 899 1399 ύδού
929 1337 1047 1419 ε’κιίνης
1068 1333 1124 1400 ἕνα
1138 1336 1194 1400 κατ’

70 1433 183 1519 μόνον
205 1431 434 1520 συγχωρούσης
456 1437 645 1518 διέρχεσθαι
669 1434 722 1498 διὰ
750 1431 784 1499 τὰ
808 1433 889 1499 πάνυ
910 1437 1111 1516 στενώτατον,
1132 1435 1194 1519 ἕως

71 1534 196 1621 ἑτέρου
220 1558 276 1618 μοι
290 1535 535 1619 ’προσαχθέντος
560 1533 736 1619 ὑποζυγίου
758 1535 777 1619 ἦ
800 1532 947 1615 ἒπίβασις
966 1537 1154 1618 έπιγέγονεν.

144 1650 154 1675 ¹
183 1653 319 1732 Ἰέξιούσι
344 1653 373 1716 δ’
391 1651 467 1735 ῆμῖν
490 1649 535 1727 εἴς
558 1677 587 1716 τι
607 1657 728 1737 χωρίον
749 1657 806 1737 τῆς
827 1656 884 1718 τού
906 1655 1080 1720 Ποδαντού
1100 1659 1188 1717 κλει-

77 1756 207 1838 σούρας
229 1752 334 1838 εἰιτύς,
361 1751 527 1835 Τυψύριον
555 1751 859 1839 κατονομαζύμενον,
887 1755 979 1839 φῆμη
1006 1778 1052 1828 τις
1073 1755 1192 1819 ἐπεπύ-

25 1867 63 1920 15
76 1859 165 1919 λασε
185 1851 241 1918 τύν
263 1857 547 1934 καταλελειμμένον
564 1855 597 1916 έν
617 1857 785 1939 Μελιτηνῆ
796 1851 974 1937 στρατηγόν
990 1851 1044 1918 ἐπὶ
1064 1857 1101 1940 τῆ
1123 1878 1192 1938 φυ-

79 1957 171 2041 λακῇ
191 1958 244 2039 τῆς
264 1953 434 2035 Ῥωμαίων
462 1956 518 2037 γῆς
547 1955 688 2036 αἰσχραῖς
720 1956 774 2016 καί
802 1953 1045 2034 βουλεύσασθαι
1075 1957 1131 2018 καί
1150 1951 1190 2016 τοὶ
1226 1967 1230 1976 ’

78 2056 167 2119 κατὰ
191 2052 246 2119 τὸν
265 2054 402 2138 στρατὸν
425 2057 640 2139 οἰκονομῆσαι,
661 2053 716 2118 καί
734 2057 881 2119 τοσούτου
896 2046 944 2118 ὅτι
961 2077 1018 2138 περ
1042 2053 1072 2119 οἱ
1094 2059 1189 2119 uols-
1253 2054 1257 2060 ’

75 2177 155 2236 μιοι
178 2150 355 2230 διελθόντες
385 2153 442 2239 τῆν
469 2158 525 2220 τού
555 2157 707 2237 Ἀμοριόυ
740 2157 900 2218 πολιτείαν
929 2153 1117 2239 ἀνήρπασαν
1138 2159 1192 2221 κατ’

77 2252 182 2340 φόνον
204 2254 328 2340 οἷνδρών
358 2252 522 2339 ώμύθητον
558 2255 746 2340 πεποιήκασι
774 2258 829 2319 καί
859 2256 1042 2344 πανοικεσίᾳ
1069 2256 1191 2340 ταύτην

30 2355 367 2441 θθῆνδραποδίσαντυ.
396 2361 464 2440 -τῆς
487 2358 521 2423 δέ
542 2360 745 2443 παρεμβολῆς
774 2358 880 2421 αύτών
901 2360 1077 2443 α’φεθείσης
1097 2358 1131 2421 έν
1152 2356 1190 2445 τῆ

78 2460 147 2522 τού
165 2459 319 2531 Χαλκὲιος
340 2461 521 2549 τοποθεσίρι,
548 2455 644 2532 ου’τδς
668 2458 728 2523 αἰπύ
759 2456 1190 2543 διαστῆματοςδλιγουσυ-

81 2560 318 2643 νηθροισμίνην
339 2556 422 2642 ἔχων
440 2560 496 2644 τῆν
518 2556 673 2644 στρατιύν
697 2562 740 2625 έν·
754 2562 799 2647 τῷ
820 2562 878 2625 τού
896 2560 1086 2643 Γζαμαντού
1107 2557 1191 2643 ὄχν-

130 2713 133 2720 “
155 2751 183 2804 a.
202 2749 304 2824 δρθδτ]
325 2756 361 2809 tio
382 2736 414 2808 d.

80 2930 147 3000 quis
165 2944 246 2997 rupes
265 2930 469 2983 abscindebatur
487 2932 607 2984 maxima.
646 2939 784 3000 postquam
803 2938 891 2983 autem
917 2932 991 2983 erexi
1009 2932 1080 2984 hune
1109 2932 1187 2984 freno

80 3016 216 3070 pungens,
236 3004 323 3054 statim
342 3018 371 3055 se
391 3005 547 3055 concutiens
565 3006 623 3071 ipse
642 3019 691 3070 per
709 3018 739 3054 se
760 3018 775 3053 e
792 3018 860 3068 rupe
879 3019 909 3054 se
928 3002 1044 3054 occidit:
1066 3018 1117 3068 ego
1137 3020 1188 3054 an.

80 3082 137 3125 tens
156 3072 248 3126 salvus
266 3073 378 3127 relictus
399 3074 512 3144 gloriam
533 3076 584 3127 deo
607 3091 655 3143 pro
675 3072 791 3140 periculi
811 3071 973 3125 liberatione
991 3074 1086 3125 emisit
1105 3074 1189 3123 mira.

81 3146 185 3196 tionem
204 3151 293 3195 autem
311 3146 472 3198 multitudini
491 3145 591 3211 inludi,
613 3145 745 3214 quomodo
765 3144 839 3211 quasi
859 3160 892 3195 ex
909 3142 1188 3211 providentiadivini.

83 3231 132 3269 ore
151 3230 207 3267 non
231 3218 415 3270 remansissem
441 3219 470 3269 in
487 3226 564 3285 tergo
585 3219 656 3285 equi.
694 3214 850 3267 demittebat
869 3216 938 3266 enim
956 3229 986 3266 se
1004 3213 1141 3280 paululum
1160 3221 1190 3263 ut

83 3288 117 3341 ad
136 3287 326 3356 assurgendum
346 3296 373 3339 et
392 3288 573 3352 valdelaoile‚
593 3288 639 3342 sed
662 3286 827 3339 descendens
846 3287 975 3337 celeriter
991 3299 1046 3336 non
1065 3286 1188 3337 deiectus

84 3374 143 3410 sum
154 3373 220 3425 rnpe
240 3366 267 3409 et
281 3373 431 3427 *concussus
451 3375 528 3428 quam
548 3359 703 3411 celerrime:
723 3358 862 3412 adstabant
890 3358 961 3409 enim
988 3370 1080 3407 omnes
1107 3370 1189 3421 spec..

83 3434 171 3481 tantos
188 3444 244 3479 rent
261 3444 368 3492 novam,
388 3446 447 3481 cum
466 3432 512 3498 qui
531 3445 546 3483 a
565 3439 641 3498 tergo
666 3437 742 3481 erant
759 3443 814 3481 non
833 3436 945 3497 possent
963 3428 1071 3497 longius
1088 3440 1188 3493 proee-

84 3502 159 3563 dere,
179 3501 225 3552 ria
242 3500 292 3553 illa
309 3517 389 3553 unum
409 3508 436 3552 et
454 3501 539 3554 solum
558 3502 672 3554 transire
691 3503 810 3568 patiente
827 3510 937 3569 propter
964 3513 1090 3552 summam
1109 3510 1189 3563 pror.

84 3586 130 3624 sus
148 3574 315 3640 angustiams
335 3574 422 3623 donee
440 3572 495 3623 alio
513 3573 579 3625 mihi
600 3573 713 3625 adducto
735 3575 853 3625 iumento
875 3572 998 3625 ascensio
1023 3569 1111 3621 debat.

185 3674 391 3743 Egredientibus
410 3683 497 3727 autem
515 3676 594 3729 uobis
605 3678 736 3729 adloeum
755 3678 884 3746 quendam
902 3684 976 3728 extra
987 3673 1099 3727 Podanti
1110 3671 1188 3723 clan-

85 3762 172 3799 suram
191 3745 345 3814 'lypsarium
364 3755 489 3805 vocatum
510 3749 578 3800 lama
597 3750 725 3817 quaedam
745 3750 834 3800 extitit
853 3746 988 3811 narrans,
1016 3744 1140 3797 relictum
1160 3745 1187 3795 in

86 3818 213 3871 llelitene
232 3818 325 3870 ducem
343 3820 470 3886 praesidii
490 3827 578 3871 terrae
598 3821 770 3885 Graecorum,
786 3821 900 3887 turpiter
920 3826 947 3869 et
964 3816 1130 3869 deliberasse
1162 3822 1189 3867 et

42 3892 47 3897 '
86 3904 153 3956 qnae
172 3890 205 3941 ad
224 3892 370 3942 exereitum
389 3898 510 3958 spectant
529 3891 725 3943 administrasse
745 3900 772 3942 et
789 3897 930 3956 tantopere
950 3896 980 3941 ut
999 3888 1090 3940 hostes
1106 3902 1189 3955 prae.

85 3969 221 4015 tereuutes
239 3962 341 4013 Amorii
362 3964 499 4015 civitatem
517 3962 665 4027 diriperent
683 3971 709 4013 et
729 3963 837 4014 eaedem
853 3962 972 4014 virorum
986 3961 1123 4028 ingentem
1144 3958 1187 4009 ia-

86 4038 177 4083 cerent
196 4041 223 4084 et
241 4048 300 4084 enm
318 4040 373 4085 tota
392 4034 564 4102 possessione
585 4048 641 4083 eam
661 4034 689 4083 in
707 4036 865 4086 servitutem
882 4032 1044 4101 redigerent.
1093 4031 1187 4082 castris

87 4109 172 4155 auum
191 4106 309 4171 ipsorum
327 4104 430 4158 relictis
452 4107 481 4157 in
500 4103 612 4160 chalcal
631 4104 702 4169 loeo,
722 4105 781 4173 ipse
792 4120 827 4156 ex
843 4102 988 4157 intervallo
999 4117 1083 4175 perro
1104 4114 1186 4153 eoae-

87 4180 141 4225 tum
159 4175 260 4231 holtem
284 4178 427 4231 exereitum
454 4179 482 4230 in
501 4176 635 4232 Taamsnti
655 4176 787 4246 castello,
815 4192 904 4247 neque
922 4174 989 4229 haee
1016 4188 1113 4243 capere
1141 4175 1187 4223 ant
