2834 4750
252 305 323 379 198
558 297 779 373 mentetua
805 296 1068 372 λΉλλΙΟΤλΕ

245 505 304 545 ται
326 474 436 561 τύχας.
466 465 468 470 ’
489 480 657 559 περιέσχον
691 471 755 558 γὰρ
781 470 864 558 ἡμᾶς
891 473 1002 549 ῶδῐνες
1035 475 1207 554 θανάτου,
1227 469 1317 538 κατά
1339 497 1367 536 τι

248 583 354 644 πᾶσαν
375 573 461 643 έῶαν
482 577 537 642 καί
556 573 612 659 τὴν
632 568 771 658 ἑσπέραν
799 575 868 653 τῶν
884 577 917 639 Γ
914 577 1049 638 οτθικῶν
1071 573 1129 638 καί
1151 575 1366 658 μιαρωτάτων

248 679 523 765 ἐπικρατησάντων
551 681 661 762 ἐθνῶν,
683 681 738 744 καί
758 675 1068 762 κατατρυφησοίντων
1088 679 1149 759 τῆς
1170 677 1270 759 ἡμῶν
1291 675 1366 758 eoiq-

247 783 340 855 θείας
361 775 389 864 ἢ
410 783 579 861 ἀμελείας,
603 774 625 863 ἢ
646 781 681 844 τό
704 803 740 861 γε
769 779 1125 862 δληθέστερονεῖπεῖν,
1145 781 1364 860 θεοβλαβείας

249 880 305 948 καί
323 887 455 963 μαντλες,
481 875 531 946 δτι
565 883 631 944 κατ’
658 881 803 964 ἀλλήλων
830 881 1001 954 λυττῶντες
1028 879 1084 942 καί
1111 875 1275 962 σῖκρατῶς
1301 886 1381 951 coici

250 979 425 1069 ὁμοφύλοις
447 979 625 1064 μαχόμενοι
659 983 714 1046 καί
743 982 889 1045 θανάτου
908 982 1218 1064 καταφρονοῦντες,
1246 981 1281 1042 έν
1301 986 1362 1053 τοῖς

250 1082 444 1168 ἀλλοφύλοις
473 1085 621 1160 πολέμοις
652 1084 752 1146 δειλοί
782 1084 835 1164 καί
859 1079 1024 1155 α’νοὶλκιδες
1054 1085 1110 1146 καί
1130 1076 1198 1162 πρὸ
1221 1084 1360 1160 πολέμου

249 1183 335 1248 νῶτα
354 1185 517 1257 διδοῦντες
539 1177 735 1266 φαινόμεθα.

345 1273 446 1349 Ἀλλὰ
466 1283 568 1348 ταῦτα
589 1285 648 1363 μὲν
671 1278 764 1346 ἱκανοὶ
786 1281 866 1364 πρὸς
888 1270 1009 1363 ἄνδρας
1030 1280 1131 1346 πολλοὶ
1154 1283 1217 1346 κατ’
1239 1279 1274 1358 ἐξ
1296 1281 1358 1344 σ’λί-

208 1427 213 1432 -
247 1408 312 1468 νων
344 1387 540 1462 δυναμένους
572 1390 654 1447 νοεῖν
684 1381 739 1445 καί
772 1389 915 1467 προνοεῖν
947 1385 1006 1445 τοῦ
1027 1385 1267 1468 συμφέροντος.
1321 1383 1386 1446 cl-io

247 1486 418 1557 σελθὸντος
449 1484 484 1546 δέ
529 1487 587 1546 τοῦ
618 1487 787 1567 Καίσαρος
820 1485 875 1546 καί
909 1480 1204 1569 assuendum-cp
1233 1487 1361 1566 βασιλεῖ

246 1579 353 1663 ἔμεινε
376 1585 434 1662 μὲν
457 1583 576 1666 ἡσυχία
604 1591 670 1660 τοῖς
689 1584 874 1664 βασιλείοις,
894 1579 948 1646 καί
978 1580 1083 1660 ἔδοξεν
1105 1581 1122 1646 δ
1144 1586 1279 1666 κρατῶν
1300 1574 1355 1664 ἤδη

249 1685 498 1764 κατωρθωκέναι
526 1680 561 1745 τὸ
584 1686 659 1765 πᾶν,
682 1687 763 1767 πλην
785 1679 861 1748 ὅσον
890 1683 1031 1774 ἀπέτυχε
1060 1680 1096 1747 so*
1116 1682 1164 1767 μή
1185 1682 1247 1749 τὸν
1261 1682 1356 1748 ‘Poo-

247 1784 352 1847 σέλιον
376 1778 410 1846 έν
428 1787 524 1868 χερσί
545 1789 652 1866 λαβεῖν
676 1788 731 1850 καί
752 1784 952 1865 α’μιίνασθαι.
998 1781 1053 1868 τὴν
1073 1782 1134 1869 γὰρ
1160 1787 1228 1848 τῶν
1255 1784 1355 1865 Τοδρ·

243 1907 311 1960 κων
332 1879 410 1948 κατὰ
442 1885 506 1948 τῶν
523 1883 691 1967 Ῥωμαίων
726 1882 964 1968 ἐπιστρατείαν,
995 1886 1051 1947 καί
1079 1881 1114 1948 so*
1149 1883 1383 1969 σφῶττεσθαιιῡ

247 1986 398 2048 τοσοῦτον
419 1988 506 2068 γένος
529 1989 745 2068 Χριστιανῶν,
767 1987 821 2049 καί
842 1988 1001 2073 δῃοῦσθαι
1023 1986 1130 2066 κώμας
1155 1984 1213 2048 κατ’
1233 1984 1354 2068 χῶρος,

246 2085 302 2146 καί
333 2074 435 2168 ἄρδην
463 2083 643 2150 σ’νσὶστατον
676 2083 732 2168 τήν
750 2079 833 2150 ἓῶαν
858 2081 1015 2168 δρᾶσθαι,
1038 2086 1081 2171 πῇ
1103 2089 1162 2164 μέν
1183 2088 1354 2170 σφαζομέ-

247 2207 310 2248 νων
339 2183 569 2269 ἀναριθμήτων
602 2181 781 2272 ιῖνθρῶιιων
806 2191 850 2272 πῇ
880 2188 915 2250 δέ
947 2187 1292 2269 αι’χμαλωτιζομένων,
1324 2189 1353 2249 έν

247 2285 385 2373 δευτέρῳ
404 2289 535 2350 ἐτίθετο.
582 2284 598 2350 ὃ
623 2290 657 2350 δέ
679 2311 714 2370 γε
729 2287 918 2363 Ῥουσέλιος,
945 2289 976 2351 εἰ
995 2287 1049 2350 καί
1072 2286 1101 2350 οἱ
1126 2291 1267 2371 Τοῦρκοι
1289 2274 1352 2352 διε.

247 2390 423 2465 σπασμένοι
446 2389 526 2470 πρὸς
548 2391 648 2455 πάντα
683 2386 721 2454 τῶ
741 2387 901 2469 Ῥωμαϊκά
924 2386 1107 2471 ἐτύγχανον,
1119 2392 1260 2470 θέματα,
1288 2393 1385 2455 αλλ’λθ

248 2483 347 2560 ατίτδς
370 2481 451 2569 ἄρας
475 2491 509 2553 ἐκ
528 2494 585 2554 τοῦ
605 2480 659 2573 τῆς
685 2492 876 2573 Μεταβολῆς
899 2494 1058 2575 φρουρίου
1079 2487 1161 2569 μετὰ
1182 2491 1247 2554 τῶν
1270 2491 1352 2554 ὑπο-

246 2590 442 2671 λειφθέντων
466 2588 623 2675 Φροίργων
655 2594 859 2674 στρατιωτῶν
884 2592 1014 2673 καὶτῆς
1036 2586 1189 2655 συνείνου
1212 2590 1272 2655 καὶ
1292 2595 1353 2657 τῶν

247 2687 363 2750 τέκνων
375 2692 430 2750 καί
444 2692 504 2753 τῶν
526 2676 732 2775 ὑπαρχόντων
748 2690 837 2775 αύτῷ
858 2689 911 2754 διὰ
931 2694 1031 2776 μέσης
1051 2693 1107 2775 τῆς
1118 2688 1230 2777 χώρας
1252 2694 1353 2778 α’τρέ-

318 2878 344 2932 6.
363 2878 480 2954 θανάτῳ
500 2881 530 2936 G.

1146 2948 1160 2973 N

246 3052 311 3113 gant
330 3045 458 3098 fortunas.
497 3054 638 3099 tenuerant
658 3041 728 3099 enim
752 3062 803 3098 nos
830 3047 939 3101 dolores
964 3050 1066 3114 mortis,
1091 3051 1119 3101 in
1144 3052 1217 3103 omni
1245 3057 1348 3107 oriente

245 3125 325 3186 atque
344 3116 484 3169 occidente
504 3118 623 3171 Gothicis
644 3127 670 3171 et
688 3118 888 3173 scelestissimis
912 3121 1107 3175 dominantibus
1126 3122 1247 3190 populis,
1268 3128 1347 3179 etlu.

246 3189 412 3241 nuriantibus
431 3199 522 3243 nostra
541 3190 712 3256 simplicitate
738 3194 797 3243 sive
824 3190 991 3258 negligentia
1016 3194 1090 3257 sive,
1109 3195 1136 3245 id
1161 3196 1233 3262 quod
1260 3201 1347 3249 verius

247 3269 287 3313 est
304 3276 411 3323 nomen,
431 3263 527 3313 mentis
546 3261 743 3313 abalienatione
764 3271 791 3313 et
809 3264 922 3326 insania,
942 3266 1004 3331 quia
1032 3274 1124 3317 contra
1153 3281 1204 3317 nos
1233 3270 1345 3321 invicem

245 3332 366 3385 furentes
386 3338 411 3382 et
429 3334 591 3400 impotenter
610 3349 668 3397 cum
688 3336 809 3401 cognatis
828 3342 977 3403 pugnantes
997 3345 1024 3387 et
1041 3345 1152 3387 mortem
1172 3348 1344 3392 contemnen-

244 3410 297 3467 tes,
317 3406 443 3455 tamenin
462 3403 558 3470 alienis
577 3404 657 3457 bellis
677 3406 769 3473 ignavi
788 3414 815 3457 et
825 3406 921 3457 infirmi
934 3416 961 3458 et
979 3416 1042 3458 ante
1055 3406 1157 3459 bellum
1168 3413 1344 3478 tergadantes

245 3489 414 3543 apparemus.

346 3572 398 3625 Sed
418 3570 484 3622 haec
504 3572 641 3624 sufficiunt
660 3575 726 3626 viris
744 3572 827 3625 multa
846 3580 873 3625 et
891 3589 978 3641 panea
997 3560 1208 3642 valentitianus
1228 3582 1341 3648 cogitent

245 3653 272 3696 ct
290 3644 455 3713 prospiciant
473 3644 591 3696 utilitati.
630 3662 687 3697 cnm
708 3654 795 3696 autem
815 3644 914 3698 Caesar
931 3648 1067 3715 ingressus
1087 3658 1159 3700 esset
1178 3658 1205 3701 et
1229 3654 1342 3703 adstitis.

243 3725 285 3771 set
303 3718 372 3783 regi,
393 3716 515 3769 manebat
540 3718 720 3784 tranquillitas
746 3714 848 3785 regiae,
869 3727 895 3769 et
914 3720 988 3771 visus
1009 3728 1049 3770 est
1074 3721 1195 3773 dominus
1213 3724 1266 3774 iam
1284 3741 1341 3791 por.

243 3797 365 3855 petresse
385 3789 482 3851 omnia,
502 3790 553 3840 nisi
574 3790 643 3857 quod
672 3790 696 3838 ei
715 3803 769 3839 non
799 3790 882 3840 cessit
910 3798 939 3841 ut
958 3791 1096 3842 Ruselium
1116 3794 1143 3843 in
1161 3810 1256 3846 manns
1274 3799 1341 3847 reci-

243 3866 322 3925 peret
341 3866 368 3909 ct
386 3858 551 3912 defenderet.
590 3861 731 3913 'furcarum
759 3862 827 3910 enim
847 3870 940 3913 contra
960 3862 1076 3914 Graecos
1103 3866 1300 3931 expeditionem
1318 3877 1341 3919 et

243 3930 370 3980 trucidari
399 3936 498 3981 tantum
524 3948 608 3998 genus
635 3932 844 3986 christianorum
871 3941 897 3983 et
923 3936 1021 3986 vastari
1047 3949 1131 4003 pagos
1158 3945 1185 3987 et
1208 3946 1291 3990 terras
1317 3948 1341 3988 ct

244 3998 363 4051 funditus
382 3999 515 4051 desertum
536 4005 787 4071 orientemadspici‚
808 4021 867 4055 cum
887 4005 930 4055 hic
949 4007 1146 4059 trucidarentur
1164 4010 1339 4060 innumerabi.

164 4140 166 4145 Ι
243 4069 284 4123 les
305 4070 434 4133 homines,
455 4071 512 4122 illic
533 4078 632 4142 captivi
657 4076 766 4140 fierent,
787 4076 915 4127 inferiore
941 4076 1002 4128 loco
1029 4078 1154 4145 ponebat.
1192 4082 1240 4133 sed
1258 4081 1338 4132 llusc.

243 4140 297 4197 lius
313 4141 434 4209 quidem,
462 4141 527 4195 licet
544 4147 644 4199 Tuscae
667 4148 780 4213 dispersi
801 4157 891 4199 essent
917 4164 965 4215 per
989 4151 1080 4200 omnes
1101 4149 1262 4203 Graecorum
1281 4169 1339 4219 pro-

244 4213 359 4277 vincias,
379 4213 436 4279 ipse
456 4222 529 4265 certe
548 4218 685 4283 profectus
704 4234 719 4268 a
738 4218 871 4271 Metabole
896 4220 1009 4273 castello
1035 4236 1094 4272 cum
1113 4222 1217 4277 relictis
1237 4223 1338 4279 Francis
