2834 4750
168 706 172 714 '
221 720 235 745 a·

247 211 319 332 τοο
545 257 766 328 uiuamus
793 258 1055 328 amaneum

244 430 391 517 οχύντοις
413 429 528 514 ὁρμαῖς
547 429 623 510 τούς
647 429 832 518 δμοφύλους
850 435 953 508 κακῶς
966 435 1022 497 καὶ
1039 429 1279 514 ἀπανθρώπως
1300 450 1354 508 με-

244 537 429 615 τέρχονται,
455 528 647 614 άρπάζοντες
679 537 734 598 καιΙ
763 533 944 615 βιαζόμενοι
964 532 1004 597 τά
1027 533 1158 608 τούτοις
1183 525 1354 613 προσόντα,
1402 560 1403 565 ¹

245 635 302 696 καί
322 629 361 696 τά
383 635 446 696 τάν
467 637 626 715 πολεμίων
656 635 791 718 δρῶντες
810 629 844 696 έν
863 636 902 719 τῇ
924 635 990 725 ι’δέρ
1008 636 1154 721 κατοικιζι
1175 631 1235 695 καὶ
1256 631 1354 718 χάρη,

245 731 301 797 καί
332 737 492 818 μηδεμιᾶς
519 734 705 812 κακοποιέας
737 728 759 818 ἢ
790 739 1041 820 λαφυραγωγιάς
1077 733 1355 818 παραχωρούντες

244 845 311 910 τοῖς
334 838 510 920 λεγομένοις
533 834 704 916 πολεμιόις.
754 834 813 922 ἀφ’
845 826 890 900 ἀν
919 833 954 899 αἱ
982 835 1266 915 παλαμυαιότατοι
1287 827 1375 895 τού-5

244 959 311 1012 τοις
333 936 412 1020 α’ραί
430 933 518 1022 παρά
542 939 604 1000 τῶν
620 935 777 1019 ὁμογενῶν
800 939 1013 1022 ἐπιφέρονται,
1033 936 1076 1010 ἀς
1097 937 1156 1018 τῆς
1179 927 1280 1017 ἥττης
1300 934 1355 996 αύ-

245 1041 309 1129 τιύν
331 1031 438 1103 άνεαιυ
470 1041 690 1122 παρεχομένης
714 1035 833 1112 πάσαις
854 1032 937 1112 ταῖς
950 1041 1012 1102 ταῖν
1028 1037 1204 1119 Ῥωμαιων
1240 1033 1355 1116 ιιιύμαις

246 1142 301 1202 καί
322 1140 446 1221 χύραις
474 1137 528 1203 καί
554 1138 669 1202 πόλισι
693 1132 843 1203 τοιούτων
878 1140 1023 1222 πράξεων
1058 1142 1254 1222 δρωμένων.
1311 1137 1356 1198 καί

246 1235 343 1303 πάλιν
367 1237 569 1319 τεθαύμακα,
592 1245 655 1320 τένι
669 1243 865 1325 θαρροῦντες
885 1236 914 1304 οἱ
928 1240 989 1304 τῶν
997 1239 1170 1320 Ῥωμαίων
1193 1238 1355 1322 προεστά-

246 1363 296 1414 τες
314 1336 394 1420 πρύς
416 1340 680 1425 ἀντιπαρατάξεις
695 1342 750 1404 καί
768 1344 936 1420 πολέμους,
955 1325 989 1403 έν
1009 1331 1055 1414 οἶς
1070 1328 1283 1422 ἀγωνοθέτης
1304 1339 1386 1420 ‹ip-10

248 1440 346 1527 ρεπης
368 1443 559 1523 καθέστηκεν
582 1439 597 1502 ὅ
621 1440 706 1519 θεός,
738 1439 813 1515 τούς
834 1443 919 1525 ἀμφ’
942 1438 1038 1504 αύτάν
1060 1438 1303 1519 έξοπλέζουσιν.
1341 1432 1355 1519 ἢ

247 1537 374 1613 πάντως
395 1535 531 1620 σι’ύμενοι
544 1539 657 1624 λήσειν
678 1540 734 1606 τάν
751 1540 945 1607 ἀνύστοιιτον
966 1539 1146 1626 ὀφθαλμὸν,
1162 1538 1225 1603 καί
1245 1543 1356 1620 κλέψαι

247 1637 306 1723 τήν
332 1639 440 1725 νίκην,
459 1633 517 1716 ἀς
539 1665 621 1715 τινος
659 1639 880 1708 οἰκοδεσπότου
907 1638 953 1727 μη
986 1644 1271 1725 έπαγρυπνούντος
1299 1646 1356 1714 τοῖς

174 1804 179 1810 .
246 1741 342 1815 ι’δέοις
361 1740 511 1806 ου’σέδιον.
564 1742 759 1809 λανθάνουσι
789 1747 825 1808 δέ
847 1745 885 1807 ού
911 1741 1009 1825 μόνον
1031 1744 1094 1806 τῶν
1124 1743 1181 1809 έπέ
1202 1752 1280 1818 ταῖς
1297 1741 1357 1824 μά-

227 1865 322 1924 χαις
342 1838 477 1907 ἐλπίδων
507 1843 800 1927 ἀποτυγχάνοντες,
832 1840 923 1908 ἀλλά
946 1844 1001 1909 καί
1018 1843 1073 1909 τάν
1101 1846 1175 1926 βίον
1196 1847 1388 1916 δυσκλεύς15

248 1948 518 2030 καταστρέφοντος
534 1943 588 2033 καί
608 1954 674 2019 τοῖς
693 1948 726 2022 ἐξ
741 1945 866 2020 ἀδικέας
885 1947 1172 2030 συμποριζομένοις
1194 1968 1357 2029 προσαπο-

247 2040 416 2126 βάλλοντες
439 2046 494 2108 καὶ
515 2043 552 2109 τά
569 2042 603 2110 ἐκ
619 2047 750 2111 δικαίων
764 2043 871 2131 πύρων
890 2050 936 2134 τῷ
951 2049 1092 2134 δημοσίῳ
1113 2044 1357 2129 περιερχόμενα.

249 2139 346 2227 ἔγωγε
359 2136 418 2211 ούν
430 2149 464 2210 έν
479 2153 605 2222 πολλοῖς
625 2146 1007 2231 συνεκστρατευσάμενος,
1028 2149 1088 2211 κάν
1101 2156 1166 2222 τοϊς
1181 2148 1358 2229 βασιλείοις

248 2244 391 2325 συνεχῶς
405 2245 754 2334 συναναστρεφόμενυς,
770 2248 894 2312 ούδέπω
906 2245 1005 2330 ἔγνων
1017 2251 1051 2312 έν
1066 2249 1146 2313 πᾶσι
1157 2245 1286 2330 βουλὴν
1296 2249 1359 2331 θεῷ

248 2335 458 2429 ἀρέσκουσαν,
481 2349 550 2412 οὐδ’
565 2349 865 2435 έπέστρατιωτικοῖς
881 2348 903 2433 ἢ
916 2355 1084 2424 πολιτικοῖς
1098 2348 1271 2433 πράγμασι
1285 2350 1391 2414 oxi-ll

247 2460 337 2527 ψεως
359 2451 590 2535 προβαινούσης
613 2444 847 2535 ἢδιαγνιύσεως
869 2451 1040 2532 εάλάβειαυ
1062 2455 1359 2533 προεπιμιχθεῖσαν
1402 2483 1403 2486 “

248 2552 308 2611 τού
328 2545 373 2632 μή
392 2546 458 2623 πιύς
480 2573 553 2616 ποτε
573 2548 762 2634 παράνομόν
773 2578 804 2617 τι
823 2553 1094 2638 συναναφαένεται
1116 2555 1154 2639 τῇ
1172 2554 1282 2639 βουλῇ
1304 2552 1361 2614 καὶ

249 2648 316 2731 θεῷ
336 2649 569 2733 ἀποτρόπαιον·
616 2648 696 2715 ἀλλά
730 2650 766 2716 τά
789 2656 855 2717 πᾶν
876 2655 920 2727 εἰς
943 2651 977 2718 τά
1005 2654 1113 2736 κέρδος
1136 2654 1196 2717 τού
1215 2650 1362 2733 βουλεύ-

249 2768 351 2827 ματος
372 2751 522 2838 καταντᾷ,
540 2745 599 2815 κάν
614 2747 684 2837 ἱερά
703 2756 911 2838 depaldum,
924 2746 988 2833 κάν
1002 2743 1168 2837 άνθροιποι
1184 2749 1360 2836 βλάπτων-

251 3102 327 3142 more
346 3105 375 3143 se
394 3102 491 3159 gerens
510 3090 538 3141 in
558 3106 606 3143 sna
623 3092 687 3146 sede
710 3100 737 3143 et
756 3098 829 3144 terra
846 3106 935 3159 neque
955 3092 1037 3145 ullam
1054 3094 1226 3145 vexationem
1245 3092 1292 3145 vel
1313 3095 1358 3146 di.

252 3162 403 3227 reptionem
427 3162 583 3231 relinquens
607 3162 729 3216 hostibus
748 3165 793 3230 qui
811 3164 951 3215 dicuntur:
978 3164 1047 3216 unde
1073 3165 1187 3215 maxime
1213 3164 1290 3215 dirae
1316 3166 1357 3215 bis

252 3248 349 3301 preces
368 3250 383 3285 a
402 3235 523 3301 cognatis
542 3234 722 3301 imponuntur,
745 3236 844 3304 qnippe
863 3234 940 3300 clade
960 3251 1050 3287 eorum
1069 3236 1254 3287 remissionem
1273 3252 1355 3302 prae-

252 3303 335 3356 bente
356 3305 476 3357 omnibus
498 3305 657 3358 Graecorum
677 3308 757 3375 pagis
775 3315 801 3357 ct
817 3308 897 3358 terris
917 3315 944 3358 et
962 3306 1070 3359 urbibus
1090 3306 1183 3357 talium
1193 3306 1354 3359 facinorum.

254 3383 335 3444 atque
360 3391 451 3428 rursus
479 3377 588 3429 miratus
618 3394 697 3441 sum,
732 3392 784 3445 quo
814 3379 919 3429 tandem
950 3379 1015 3430 freti
1039 3377 1199 3431 Graecorum
1217 3380 1355 3445 principes

254 3447 294 3498 ad
305 3447 378 3499 acies
399 3454 425 3497 et
444 3446 540 3513 bella,
560 3449 587 3498 in
609 3448 704 3517 quibus
722 3448 851 3500 brabeuta
867 3452 1037 3516 incorruptus
1068 3450 1159 3501 existit
1177 3450 1267 3514 deus,
1293 3464 1353 3501 snos

253 3518 396 3583 instruant,
417 3518 539 3586 prolecto
560 3522 667 3571 omnino
688 3522 851 3587 opinantes,
878 3521 937 3572 lore
955 3529 985 3571 ut
1002 3520 1104 3572 lateant
1121 3520 1229 3571 oculum
1249 3536 1355 3587 semper

251 3588 366 3657 uigilem
386 3598 413 3641 et
431 3591 575 3658 surripiant
599 3592 740 3643 victoriam
764 3599 887 3659 tauquam
913 3590 1096 3660 patrifamilias
1120 3607 1174 3643 non
1200 3591 1355 3661 invigilanti

252 3660 335 3713 rebus
352 3677 408 3714 rem
427 3661 594 3713 familiarem.
632 3664 718 3715 nescii
737 3671 824 3715 autem
843 3678 896 3715 non
916 3664 1002 3716 solum
1021 3678 1095 3730 spem
1122 3678 1272 3733 pugnarum
1290 3678 1379 3731 per--

254 3732 320 3784 dunt
337 3733 384 3785 sed
403 3734 482 3785 etiam
501 3735 582 3785 vitam
601 3734 752 3803 ingloriose
775 3735 870 3786 liniunt
895 3744 922 3787 et
944 3744 1108 3803 praeterseu
1132 3750 1201 3802 quae
1224 3734 1356 3788 iniustitia

252 3802 401 3869 traduntur,
421 3804 466 3856 rel
487 3821 518 3857 ea
537 3807 678 3870 amittunt,
696 3820 764 3873 qnae
783 3808 859 3858 iustis
877 3807 1006 3858 reditibus
1030 3807 1071 3857 rei
1089 3804 1214 3873 publicae
1233 3806 1356 3859 influunt.

256 3871 380 3939 equidem
405 3876 504 3945 igitur,
532 3877 578 3946 qui
605 3876 745 3929 multarum
771 3878 970 3944 expeditionum
995 3879 1130 3945 particeps
1156 3878 1254 3929 fuerim
1278 3886 1306 3929 et
1330 3879 1356 3927 in

255 3944 334 4010 regia
354 3948 482 3999 continuo
502 3950 550 4000 sim
570 3958 701 4014 versatus,
720 3950 835 4001 nondum
856 3951 972 4017 cognovi
998 3952 1025 3999 in
1038 3948 1165 4002 *omnibns
1191 3948 1355 4003 voluntatem

255 4013 308 4065 deo
328 4026 429 4082 gratam
447 4034 535 4088 neque
554 4021 581 4070 in
598 4020 676 4074 rebus
688 4021 855 4073 ‘militaribus
875 4020 921 4073 vel
949 4020 1076 4073 civilibus
1101 4022 1267 4090 cogitatione
1289 4035 1354 4087 pro-

214 4114 216 4121 ‚
255 4084 371 4137 cedente
389 4096 435 4139 ant
453 4092 607 4158 cognitione
626 4094 777 4144 cautionem
795 4094 945 4158 admixtum,
963 4108 999 4144 ne
1018 4092 1122 4161 quando
1140 4093 1234 4145 iniusti
1253 4088 1317 4161 qnid
1329 4092 1355 4142 in

256 4156 373 4217 consilio
392 4170 534 4229 appareret
552 4171 579 4215 et
596 4164 667 4231 quod
685 4163 736 4215 deo
756 4172 829 4217 esset
845 4165 977 4220 inrisum:
995 4164 1044 4219 sed
1077 4164 1165 4217 omnia
1191 4165 1226 4218 ad
1253 4163 1354 4219 lncrnn
