2834 4750
227 252 322 363 'ses
540 272 763 351 mensuum
793 214 1093 347 strenuum

246 448 474 537 προοὴγγιοαν,
494 451 550 512 καί
569 442 684 531 ταότην
705 444 973 530 περικαθιυαντες
997 440 1054 508 τόν
1075 437 1165 523 παρά
1189 440 1261 503 τῶν
1284 438 1359 500 Μο-

246 551 385 620 netues
406 552 675 634 προχειρισθέντα
691 544 828 630 βασιλέα
846 544 997 624 πατάξειν
1013 543 1167 635 ἦπειλουν
1189 534 1278 620 μετά
1301 536 1357 599 τόν

245 655 475 736 συναραμένων
498 651 556 713 καί
573 645 820 733 συνδραμόντων
842 638 939 733 αότρό.
983 638 1098 718 ἄλλους
1134 642 1172 706 dd
1192 662 1287 715 τινας
1309 662 1363 701 τα-

243 756 422 839 χυόρομεῖν
444 753 641 837 ἠσκημένους
655 747 736 813 κατά
760 752 816 832 τῆς
837 745 948 830 χιόρας
973 749 1179 827 ἐξέπεμψαν,
1203 744 1240 805 oi*
1256 741 1362 805 πᾶσαν

246 848 330 937 όμοό
352 850 612 937 κατελωβὴσαντο
630 852 687 913 καί
700 846 895 936 διήρπασαν,
917 844 1014 934 φόνον
1034 848 1094 925 μὲν
1117 839 1224 907 πολόν
1244 844 1309 905 τεόν
1327 843 1382 906 e'st

247 954 356 1040 α’μροῖς
385 954 609 1039 ποιησάμενοι,
631 952 752 1035 κτηνῶν
779 952 815 1015 δέ
838 945 1017 1031 άμυθῆτων
1038 946 1155 1035 ἀγέλας
1179 944 1362 1021 ἐλάσαντες,

247 1059 304 1121 καί
322 1057 399 1121 ου’όέ
419 1058 453 1120 ἓν
471 1048 555 1130 εἶδος
576 1048 744 1125 κακώσεως
765 1048 1000 1135 παραλιπόντες
1020 1054 1085 1122 τοῖς
1109 1043 1306 1125 κάμνουσιν.
1346 1039 1363 1105 o‘

248 1158 286 1223 dd
304 1158 478 1245 Βρυέννιος
509 1155 544 1218 ἐν
564 1148 683 1237 πλήθει
702 1154 759 1215 καί
779 1153 974 1235 α’γεροοχίαις
1002 1151 1035 1213 τό
1059 1144 1209 1233 πρόσθεν
1233 1143 1364 1225 καυχοό-

247 1276 354 1341 μενος,
375 1252 487 1338 ἆγενῆς
507 1251 609 1340 ε’φόνη
632 1251 709 1337 πρός
729 1252 804 1328 τοός
824 1248 1010 1336 βαρβάρους
1032 1246 1086 1312 κατ’
1097 1240 1231 1330 άτονσς,
1254 1247 1312 1309 καί
1331 1244 1363 1309 τό

247 1364 354 1440 τεῖχος
378 1360 436 1440 τῆς
456 1358 514 1422 τοῦ
534 1356 708 1440 Ἀόριανοό
731 1349 922 1440 καταφυγὴν
940 1344 1007 1433 εἶχε
1027 1350 1138 1436 μόνην,
1160 1346 1203 1411 oei
1225 1344 1291 1429 τήν
1311 1347 1397 1411 revit

251 1452 358 1523 όπλων
382 1457 567 1540 άντίθεοιν,
604 1454 664 1532 ἕως
695 1452 790 1537 λιμός
820 1454 1001 1539 βαρύτατος
1030 1450 1120 1528 ἐντός
1152 1444 1368 1533 κατατρόχων

249 1555 350 1637 (tripos
368 1553 424 1619 καί
442 1554 518 1631 τοός
549 1548 609 1620 σόν
630 1554 732 1641 adorsi,
763 1552 845 1638 μετὰ
873 1554 976 1639 πάσης
1006 1556 1062 1637 τῆς
1092 1553 1197 1615 ἵππου
1229 1546 1295 1612 καί
1311 1550 1368 1613 τῶν

251 1648 431 1738 όποζυνίων
453 1652 578 1736 orionis,
607 1653 766 1738 ἠνάγκασε
800 1663 865 1729 τοῖς
898 1650 1074 1737 βαρβάροις
1102 1654 1299 1717 συνθέσθαι
1322 1650 1368 1711 καιΙ

251 1752 353 1821 πάντα
383 1757 503 1841 πρᾶξαι
530 1753 570 1819 τά
594 1757 672 1839 παρ’
688 1756 799 1835 ,αότιόν
827 1750 1094 1840 προσταττόμενα.
1142 1752 1365 1835 συναθροίσας

253 1848 311 1921 σόν
331 1858 469 1940 χρυσίον
500 1850 599 1938 άδρόν
630 1856 664 1933 ἐξ
691 1851 809 1920 tauron
843 1853 899 1919 καί
923 1857 984 1919 τῶν
1011 1840 1393 1935 ουναποοτατησάντυνὶό

253 1957 363 2049 ordeni,
397 1964 465 2031 ταῖς
493 1955 714 2035 Πατζινόκαις
747 1959 935 2038 α’ντιλυτρσν
958 1957 1094 2021 όέόωκεν
1127 1951 1168 2016 ori
1189 1960 1291 2034 μεῖον
1311 1954 1365 2015 τόν
1405 2028 1406 2047 ἶ

256 2060 356 2125 εἴκοσι
375 2060 539 2124 ταλάντων
564 2048 632 2142 ἦτοι
662 2056 873 2148 κεντηναρίων
894 2054 1162 2142 περιιστάμενον,
1189 2051 1259 2120 σόν
1286 2052 1365 2140 stirpi
1405 2082 1406 2151 ρ

254 2161 290 2225 dd
311 2158 367 2223 καί
386 2156 588 2243 ὑφασμάτων
599 2161 655 2223 καί
674 2157 823 2243 άργυρτόν
842 2161 964 2223 σκευῶν
985 2151 1040 2220 οόκ
1055 2157 1231 2239 ἐλάχιστον
1242 2158 1363 2240 χρῆμα.
1405 2156 1406 2167 ’

253 2261 310 2323 καί
325 2262 436 2331 τοῦτον
457 2254 513 2324 τόν
536 2258 654 2341 τρόπον
670 2260 893 2341 α’παναστῆναι
914 2257 986 2332 roric
1000 2256 1230 2336 Πατζινάκους
1254 2259 1291 2321 ἐκ
1314 2255 1365 2337 τῆς

255 2362 439 2446 πολιορκίας
462 2361 599 2425 διέθετο.
641 2364 746 2441 μένων
768 2362 804 2426 dd
826 2358 907 2425 κατὰ
929 2358 1041 2444 χοόραν
1054 2355 1273 2444 ἠργυρολόγει
1296 2356 1394 2431 rosisti

255 2459 588 2549 πειθομένουςαότρό,
610 2460 691 2544 πρός
711 2461 770 2541 μέν
788 2460 865 2535 eoric
897 2462 1059 2533 ἐναντίους
1081 2455 1136 2521 καί
1156 2455 1365 2544 ἀλλοφύλους

256 2562 350 2627 aridis
370 2567 516 2643 γενναῖον
547 2557 802 2641 ἐπιδειξάμενος,
834 2560 903 2623 ἀλλ’
931 2555 1038 2644 οόοπερ
1059 2581 1107 2634 τις
1134 2551 1225 2635 πτοόξ
1250 2554 1285 2622 όν
1310 2551 1364 2644 dig

259 2655 360 2735 οότως
376 2661 410 2724 έν
429 2668 495 2736 τοῖς
508 2661 629 2742 τείχεσι
643 2661 697 2744 τῆς
718 2657 1012 2744 Ἀόριανουπόλεοος
1032 2657 1263 2743 κρυπτόμενος,
1287 2656 1365 2742 πρὸς

331 2819 356 2870 1.
374 2821 432 2877 τόν
447 2821 516 2893 περι
534 2820 653 2873 correxit
670 2821 813 2875 Bennetns.

258 2966 412 3022 obsidentes
429 2983 522 3038 regem
541 2984 558 3021 s
576 2969 909 3026 Macedonibus-creatum
935 2985 965 3023 se
992 2983 1167 3037 percussuras
1193 2967 1363 3024 minabantur

258 3055 318 3092 cnm
335 3040 379 3104 iis,
398 3041 444 3108 qni
464 3040 565 3092 auxilio
582 3051 715 3094 renerent
736 3052 838 3096 etcum
858 3057 890 3094 eo
917 3042 1054 3102 coierent:
1081 3041 1163 3093 alios⁴
1178 3047 1291 3106 autem,
1320 3045 1363 3112 qui

244 3111 385 3169 ‘celeriter
403 3120 577 3164 antecamere
597 3116 737 3166 exercitati
758 3122 841 3178 erant,
862 3115 890 3164 in
908 3121 1006 3165 terram
1024 3113 1170 3176 miseruut,
1190 3115 1236 3181 qui
1258 3115 1362 3182 quidem

258 3198 363 3235 omnem
381 3183 460 3234 simul
480 3184 650 3236 devastarunt
671 3193 697 3235 et
725 3186 910 3253 diripuerunt,
939 3185 1047 3238 caedem
1073 3184 1184 3236 multam
1214 3189 1361 3253 agrestium

257 3255 400 3318 facientes,
421 3256 553 3321 pecudum
571 3256 718 3323 ingentium
737 3271 835 3325 greges
853 3262 975 3324 agentes,
994 3271 1083 3324 neque
1102 3271 1184 3307 unum
1203 3271 1294 3324 genus
1315 3274 1362 3310 ue.

258 3325 585 3402 nationis-relinquentes
604 3325 720 3378 sidietis.
759 3327 910 3393 Bryennius
929 3336 1017 3379 antem
1036 3330 1065 3378 iu
1084 3327 1256 3380 multitudiue
1271 3336 1300 3379 et
1319 3345 1362 3380 nr.

257 3397 351 3450 tideiis
370 3404 448 3447 antea
467 3397 563 3460 elatus,
586 3394 714 3464 ignobilis
734 3401 857 3466 apparuit
875 3399 1002 3451 adversus
1023 3399 1150 3450 barbaros
1170 3405 1197 3449 et
1214 3401 1362 3463 remissus,

259 3476 287 3521 et
303 3481 407 3520 murum
426 3465 617 3534 Adriannpolis
638 3470 796 3538 coniugium„
814 3469 929 3522 habebat
946 3469 1047 3534 solum,
1076 3484 1131 3521 nou
1158 3483 1293 3523 armornm
1313 3487 1362 3538 op.

258 3540 440 3608 positionem,
466 3539 551 3591 donee
573 3540 656 3593 fames
676 3542 835 3610 gmvissima
859 3543 929 3593 intus
948 3541 1094 3593 conficiens
1115 3556 1174 3593 enm
1194 3549 1221 3592 et
1241 3557 1299 3607 eos,
1320 3543 1362 3611 qui

260 3626 321 3662 enm
341 3626 374 3662 eo
394 3618 478 3674 erunt,
496 3625 555 3662 enm
574 3613 645 3662 omui
664 3615 785 3680 equitatu
803 3621 829 3663 et
848 3613 972 3664 inruentis
992 3628 1099 3676 eorum,
1111 3615 1202 3681 coegit
1221 3629 1281 3664 cum
1300 3612 1361 3664 bar-

259 3683 332 3737 baris
351 3682 452 3750 pacisci
472 3689 498 3734 et
516 3682 604 3733 omnia
623 3683 715 3735 faeere
732 3699 801 3753 quae
818 3683 851 3736 ab
869 3685 902 3736 iis
920 3683 1125 3750 imperabantur.
1164 3699 1265 3752 cogens
1282 3685 1362 3753 igitur

260 3754 403 3827 peeupiam
419 3752 527 3804 multam
548 3769 582 3804 ex
600 3769 628 3807 se
653 3763 679 3805 et
697 3756 741 3819 iis,
761 3757 805 3823 qui
825 3769 884 3806 cum
904 3770 935 3806 eo
949 3755 1113 3819 deiecerant,
1127 3753 1279 3809 Patriuacis
1299 3771 1361 3823 pre-

258 3827 327 3878 tinm
343 3824 515 3877 redemtionis
534 3824 607 3878 dedit
625 3839 679 3877 non
698 3827 785 3878 minus
817 3828 915 3894 viginti
933 3826 1042 3878 talentis
1062 3827 1136 3896 (sive
1156 3834 1264 3878 centnm
1289 3828 1361 3878 miii-

261 3895 326 3965 bus)
346 3905 481 3960 onustans,
500 3895 632 3964 simulque
652 3904 679 3948 et
697 3898 812 3952 vestium
832 3897 1009 3966 stragularum
1040 3907 1066 3950 et
1093 3905 1241 3966 argenteae
1268 3897 1360 3967 supel-

260 3963 362 4018 lectilis
381 3982 435 4018 nou
454 3968 586 4018 minimam
605 3970 725 4036 copiam:
744 3977 824 4037 atque
843 3970 880 4020 ito
899 3978 928 4020 ut
945 3970 1105 4022 desisterent
1129 3967 1267 4021 Patuinaoi
1287 3969 1360 4022 obsi-

261 4033 344 4086 dione
361 4040 503 4102 permovit.
540 4053 650 4092 mnnens
667 4049 757 4093 entem
775 4042 803 4092 in
822 4040 883 4092 loeo
904 4041 1031 4108 exigebat
1049 4042 1177 4108 pecunias
1196 4056 1212 4092 a
1232 4039 1359 4093 subiectis

261 4108 291 4156 in
308 4105 476 4159 adversarios
495 4118 522 4160 et
539 4112 698 4178 peregrinos
717 4110 809 4163 nobile
825 4112 893 4164 nibil
911 4113 1069 4166 osteudens:
1089 4112 1137 4166 sed
1146 4120 1273 4182 tanquam
1285 4111 1359 4180 lepus

262 4177 293 4232 in
312 4175 383 4233 tiiva
401 4177 438 4232 ita
457 4177 485 4232 in
503 4182 585 4235 muris
604 4181 796 4251 adrianopolis
815 4183 929 4254 abditus,
949 4185 1077 4243 adversus
1096 4183 1263 4242 contribules
1274 4193 1358 4242 tutem
