2834 4750
542 325 751 393 HISTORIA.
929 337 936 351 ‘
1130 322 1199 398 135

95 480 296 561 διεξδδευτος
319 481 375 547 καί
394 480 582 568 κρημνώδης
601 489 657 550 καί
678 487 852 567 δυνάμενος
873 488 1009 573 στρατδν
1030 490 1204 556 διασκεδῶ·
1280 543 1284 550 .

95 610 158 651 σαι
185 586 239 648 καί
269 583 471 670 παραστῆσαι
499 585 698 651 ἀσύντακτον
738 579 803 650 ια’

93 687 165 751 τῶν
186 689 310 750 ἳππων·
353 679 429 779 ὅπερ
455 683 510 749 καί
530 688 581 770 ἐφ’
607 685 698 770 ἡμῶν
723 692 974 773 προσυμβέβηκε.
1028 689 1082 754 καί
1102 689 1121 774 ἦ
1144 693 1203 755 τοῦ

92 789 257 868 βασιλέως
285 786 375 873 φήμη
396 788 560 868 ,περιδεεῖς
591 785 710 865 τιν’τοδς
733 787 956 872 ἀπειργάζετο.
1013 789 1067 854 διὰ
1101 791 1202 855 ταῦτα

56 890 156 952 bans*
182 887 241 970 τήν
261 892 320 968 μέν
347 885 452 970 δρμῆν
484 893 549 962 τοῖς
571 889 725 964 ἐναντίοις
752 889 847 953 ταυτί
875 889 1084 955 διεκώλυσεν·
1128 891 1203 952 ἀπι-

92 985 278 1073 σθδρμηται
298 989 333 1052 δέ
356 987 517 1070 γενόμενοι
548 990 621 1069 μεθ’
644 979 681 1070 ἧς
706 987 881 1072 έκροίτησαν
910 992 996 1063 λείας
1018 986 1072 1052 ε’πδ
1085 986 1122 1053 τὸ
1142 989 1203 1052 δυ-

90 1085 188 1153 ττκόν
207 1091 314 1173 μέρος,
337 1080 460 1152 ἀνωθεν
481 1086 534 1170 τῆς
553 1090 734 1171 Μελιτηνῆς
755 1091 1043 1170 διαπεραιωθέντες
1062 1086 1118 1152 τὸν
1133 1088 1202 1151 Βά-

94 1185 236 1274 φριίτην,
261 1185 341 1252 aridii
365 1187 422 1251 rosi
442 1187 582 1267 θέματος
605 1188 833 1251 Καππαδοκῶν
859 1186 937 1251 κατά
960 1185 996 1250 et
1021 1189 1202 1266 εἰθισμένον

95 1285 210 1362 αάτοῖς
228 1288 375 1370 ἀκρατῶς
409 1279 555 1368 ἤλαυνον,
579 1285 844 1370 καταληιζόμευοι
868 1289 927 1367 μὲν
961 1284 996 1350 τὸ
1020 1284 1203 1368 προστυχὸν

37 1399 84 1453 10
96 1387 132 1462 έξ
157 1387 289 1469 ἐφόδου,
313 1388 513 1477 ε’φορμῶνττς
534 1387 569 1448 δὲ
589 1388 787 1473 πανστρατιηῖ
818 1385 897 1451 κατὰ
917 1389 972 1469 τῆς
992 1391 1052 1449 τοῦ
1070 1387 1201 1451 Ἰκονίου

95 1487 277 1560 πολιτείας·
326 1478 365 1568 ἦν
394 1484 453 1568 γὰρ
483 1481 553 1548 τότε
583 1483 698 1568 πλήθει
732 1507 764 1548 τε
786 1485 842 1549 καί
868 1490 998 1568 μεγέθει
1023 1486 1147 1571 ἀνδρῶν
1166 1508 1201 1551 τε

95 1588 155 1650 καί
173 1573 281 1650 οἰκιῶν
302 1589 358 1650 καί
377 1587 438 1650 τῶν
461 1577 565 1649 ίίλλων
580 1585 728 1671 χρηστῶν
748 1585 802 1650 καί
817 1589 966 1670 ζηλωτῶν
988 1588 1201 1673 διαφέρουσα,

94 1687 155 1750 κατ’
178 1679 268 1763 ζῶσιν
289 1687 498 1752 παντοδαπῶν
517 1687 589 1768 γένη
610 1688 784 1771 τρέφουσα.

198 1787 494 1870 Προσκσρτερησας
517 1783 533 1848 ὅ
555 1786 707 1865 βασιλεδς
733 1788 779 1859 εἰς
802 1789 980 1870 Κελεσίνην
1006 1787 1058 1871 ἐφ’
1078 1777 1106 1876 ᾧ
1125 1784 1202 1861 roric

43 1903 85 1956 15
96 1889 319 1960 διασωθέντας
340 1887 385 1960 εἰς
406 1883 463 1970 την
485 1885 689 1970 παρεμβολήν
708 1882 937 1964 ἀποδέξασθαι,
960 1888 1012 1950 ἵνα
1032 1886 1076 1970 μη
1098 1910 1200 1950 κατα-

2 1971 8 1981 ·
95 1985 334 2068 λαμβανόμεναι
355 1983 511 2068 σποράδες
539 1989 572 2063 έξ
593 1983 714 2069 ἐρήμης
737 1983 798 2049 ὑπὸ
824 1986 887 2049 τῶν
914 1984 1090 2066 Ἀρμενίων
1115 1983 1200 2048 ἀπδ-

97 2093 239 2166 teszae,
271 2085 402 2149 κατόπιν
433 2088 496 2149 τῶν
523 2085 673 2151 έναντίῶν
700 2088 733 2150 έν
755 2088 800 2172 τῷ
834 2084 1048 2170 ὑποστρέφειν
1068 2083 1198 2168 ἐγένετο.

98 2185 171 2252 έαεί
196 2189 251 2250 καί
277 2189 379 2269 κρίσιν
402 2188 554 2269 ἐπέστησε
586 2185 704 2265 μεταξὺ
729 2187 788 2250 τοῦ
810 2187 890 2252 λαοῦ
908 2189 965 2250 καί
982 2187 1040 2251 τοῦ
1062 2184 1201 2272 στρατη-

97 2291 169 2371 γοῦ,
187 2289 219 2352 εἰ
237 2285 292 2350 καί
312 2288 407 2352 ου’δὲν
431 2293 499 2351 κατ’
518 2284 647 2360 οὐδενὸς
669 2284 860 2370 ἀπεφάνθη,
885 2289 1120 2373 ψηφισαμένων
1141 2292 1202 2368 μέν

46 2406 88 2462 20
99 2387 241 2474 διάφορα
269 2390 365 2452 τινῶν
394 2390 449 2451 καί
476 2385 788 2470 μνωματευσάντων,
816 2390 897 2468 ἐ’μοῦ
931 2389 966 2450 δέ
995 2386 1202 2469 καταγνόντος

99 2486 153 2555 δεδι
177 2493 367 2574 προπέτειαν
387 2485 442 2552 καί
455 2489 656 2573 ἀμφοτέρων
676 2485 710 2551 έν
730 2491 925 2575 ἀμφοτέροις
948 2488 1129 2568 ἀσθένειαν,
1150 2483 1202 2553 δτι

98 2586 181 2673 πλην
201 2592 259 2653 τοῦ
289 2592 446 2671 βασιλέως
474 2590 566 2675 ράδίν
600 2591 668 2653 ἑστι
699 2587 735 2651 sd
759 2591 915 2654 συνιστῶν
944 2596 1009 2663 τοῖς
1025 2588 1200 2669 Ῥωμαίοις

98 2688 153 2755 τδν
175 2689 324 2771 πόλεμον,
342 2691 374 2769 εί
392 2692 437 2773 μή
457 2713 519 2784 που
545 2690 650 2775 δεήσει
671 2687 752 2776 πρὸς
774 2688 918 2775 ἀλλήλων
940 2691 1103 2776 ἐριστικῶς
1124 2691 1200 2755 δια-
1249 2750 1260 2763 ,

100 2787 275 2873 μοίχισθαι.

172 2918 216 2971 21.
236 2916 273 2971 δι’
291 2918 481 2993 disponeretur
500 2920 530 2973 G.

103 3062 233 3129 dissipare
252 3064 401 3115 etreddera
420 3062 579 3117 dissolutum
599 3072 626 3115 et
639 3062 754 3133 ungulas
766 3064 900 3115 conficere
920 3078 1063 3131 equornm3
1082 3063 1109 3115 id
1131 3065 1202 3130 qnod

41 3179 48 3185 .
103 3135 181 3185 etiam
204 3132 282 3203 nobis
308 3142 385 3185 antea
412 3138 569 3203 contigerat.
616 3145 696 3203 atque
721 3136 793 3203 regis
819 3136 888 3185 iama
912 3134 992 3186 valdo
1020 3134 1125 3185 timidos
1154 3149 1202 3186 eos

102 3204 231 3258 reddidit:
250 3214 393 3272 propterea
410 3209 488 3259 etism
507 3209 632 3274 impetum
645 3207 757 3274 *quidem
770 3205 891 3258 hostibus
908 3205 975 3256 haec
994 3205 1200 3271 impediverunt.

103 3276 206 3328 reversi
233 3284 321 3328 autem
341 3293 398 3328 cum
423 3280 522 3345 praeda
542 3294 618 3346 quam
644 3278 813 3329 obtinuerant
831 3279 863 3329 ad
890 3276 1081 3329 occidentalem
1100 3283 1201 3341 partem

104 3361 182 3412 supra
201 3347 345 3399 Melitenen
366 3351 531 3403 traiicientes
541 3349 702 3416 Euphratem
722 3358 813 3401 contra
831 3350 996 3417 provinciam
1015 3348 1202 3415 Cappadocum

106 3434 139 3470 ex
155 3434 229 3468 more
254 3434 303 3469 suo
328 3421 525 3474 incontinenter
553 3422 804 3488 proficiscebantur,
833 3422 991 3488 praedantes
1010 3420 1080 3488 quod
1097 3420 1131 3469 iis
1150 3417 1201 3467 ob.

104 3491 172 3543 viam
191 3490 252 3552 iret,
272 3493 357 3557 primo
377 3494 486 3560 impetu,
507 3502 534 3544 et
551 3493 740 3561 aggredientes
757 3501 815 3544 toto
835 3510 894 3545 curn
915 3493 1037 3544 exercitu
1054 3489 1140 3542 iconii
1158 3488 1201 3537 ei.

54 3573 62 3585 '
105 3561 227 3613 vitutem:
248 3562 305 3613 erat
323 3563 392 3613 enim
411 3572 465 3615 tum
483 3564 653 3616 multitudine
672 3574 699 3615 et
713 3565 894 3634 magnitudine
911 3566 1031 3616 virorum
1049 3563 1202 3613 domorum-

105 3648 155 3701 que
174 3640 202 3683 et
220 3640 368 3685 ceterorum
388 3651 456 3702 quae
476 3639 627 3687 necessaria
645 3644 707 3689 sunt
727 3646 754 3688 et
771 3646 869 3703 optata,
888 3643 1035 3703 praestans,
1055 3642 1082 3684 et
1099 3634 1202 3683 anima-

105 3705 167 3755 lium
186 3704 302 3755 omnium
320 3720 421 3773 genera
440 3705 536 3758 aiebat.

200 3774 304 3828 Durans
323 3791 372 3827 rex
389 3777 542 3842 Kelesinae,
560 3787 591 3829 ut
609 3789 733 3831 servatos
755 3781 783 3830 in
802 3787 889 3830 castra
907 3780 1052 3844 reciperet,
1070 3792 1105 3828 ne
1125 3788 1199 3827 com.

105 3844 229 3914 prehensi
248 3850 359 3914 sparsim
384 3856 493 3915 propter
513 3849 683 3902 solitudinem
708 3851 914 3917 periermenias
941 3852 1070 3916 perirent,
1090 3867 1105 3901 a
1124 3858 1201 3915 tergo

106 3918 216 3969 hostium
235 3920 365 3971 recedens
385 3921 469 3982 venit,
490 3936 548 3971 cum
574 3922 653 3972 etiam
682 3922 809 3971 iudicium
828 3921 1005 3972 constitueret
1023 3922 1093 3972 inter
1111 3936 1201 3988 popu.
1223 3923 1228 3935 “

106 3990 157 4039 lunt
176 3996 203 4038 et
220 3989 427 4056 imperatorem,
448 3989 512 4041 licet
524 3989 597 4041 mihil
618 3992 650 4041 de
676 3991 732 4041 ulia
758 4008 788 4042 re
810 4000 973 4056 censeretur,
994 4008 1053 4043 curu
1072 3995 1209 4045 sentirent·

108 4062 209 4111 diversa
229 4063 333 4128 quidam
354 4071 380 4112 et
399 4071 539 4127 putarent,
560 4078 611 4129 ego
631 4070 718 4112 autern
743 4078 880 4114 censerem
899 4073 1009 4131 propter
1026 4067 1203 4116 temeritatem

109 4140 134 4181 et
151 4139 323 4199 utrorumque
342 4136 369 4185 in
389 4134 507 4200 utrisque
526 4134 714 4196 infirmitatem,
733 4144 839 4202 praeter
855 4151 945 4204 regem
958 4136 1025 4193 nihil
1045 4152 1114 4201 esse,
1134 4136 1204 4204 quod

118 4200 221 4254 Graecis
241 4203 341 4257 bellum
363 4206 489 4269 firmaret,
508 4206 560 4261 nisi
580 4206 649 4257 forte
668 4207 738 4259 inter
756 4223 786 4260 se
805 4215 908 4259 certare
927 4207 1063 4260 deberent.
