2834 4750
550 250 758 319 menoml.
841 258 846 263 ·
1125 249 1200 345 tot

67 407 191 482 ζίεεου
230 409 430 490 α’νακομιζων
462 408 615 499 αἰρηρέδη
650 414 782 489 τούτους
815 412 895 497 πρὸς
933 416 973 503 τῇ
1000 418 1078 501 ιιιιτῇ
1111 412 1201 501 παρὰ

65 513 150 569 τῶν
196 509 254 572 τού
285 507 503 575 Βοτανειύίου
536 514 738 594 στρατιωτῶν
751 564 761 595 ,
798 506 859 598 ἤδη
887 514 1116 598 καταλαβόντος
1145 513 1202 591 τοὶς

69 611 325 691 Προποντίους
347 609 447 686 α’κτύς
466 614 522 676 καί
541 612 601 687 τοῖς
631 618 704 677 καθ’
725 610 959 699 Ἑλλήσποντον.
1005 614 1085 680 ἄλλα
1106 616 1161 682 καί
1184 612 1201 679 6

69 712 239 783 Λατῖνος
257 707 438 788 Ῥουσέλιος
461 712 652 789 ἀποσταλείς
685 715 721 778 τὸ
737 708 896 800 ’δεύτερον
919 714 997 780 κατὰ
1018 718 1076 780 τού
1098 718 1201 783 αύτο-

35 810 218 894 ὀδέλφου
239 833 296 874 του
283 812 501 896 Βρυεννιου,
521 816 636 899 μέχρις
653 815 844 901 Ἡρακλείας
860 815 988 905 Θρύκης
1008 816 1200 935 α’πολέμηιος
1252 816 1256 835 ’

70 906 151 973 σύν
178 917 246 985 τοῖς
266 918 530 995 στρατευομένοις
554 920 797 998 καταλέλειπτο,
818 942 870 981 και
896 914 953 1001 τη“ν
973 914 1065 981 πόλιν
1086 915 1201 1011 ταύτην

72 1006 255 1094 ὀχύρωμα
278 1015 334 1076 τού
356 1014 441 1079 ι’δίου
459 1015 693 1100 στρατεύματος
711 1016 891 1103 ε’ποιησατο,
913 1012 1199 1136 προφολαττύντων

74 1106 224 1176 πάντων
243 1115 298 1177 καί
322 1112 615 1206 προοδοποιούυτων
633 1122 676 1205 τῷ
696 1118 894 1207 Βοτανειύτη
916 1114 954 1182 τοὶ
980 1112 1157 1203 νικητήρια.

201 1213 244 1279 Τύ
267 1215 294 1277 δ’
318 1214 496 1281 α’πὸτούδε
515 1217 772 1303 παρεσκευάζετο
794 1223 853 1301 μὲν
880 1218 895 1283 6
918 1217 1070 1303 βασιλεύς
1093 1213 1200 1337 ρῦτύν,
1224 1292 1231 1296 ,

23 1328 64 1381 10
79 1318 180 1399 λέγω
202 1314 257 1382 τὸν
277 1315 514 1403 θεοπρύβλητον
534 1321 763 1405 Βοτανειοὶτην,
785 1324 830 1396 εις
849 1320 883 1387 τύ
904 1330 1022 1406 χωρεῖν
1041 1317 1122 1405 πρὸς
1141 1314 1200 1401 τήν
1235 1348 1238 1355 ’

74 1412 370 1499 βασιλεύουσαν’
354 1443 388 1481 εκ
412 1424 570 1496 Νικαίας
614 1420 695 1485 πολύ
725 1424 760 1485 δὲ
781 1424 902 1506 πλῆθος
927 1417 1100 1509 συρρέον’
1086 1444 1121 1485 ειι
1144 1425 1199 1515 τῆς
1283 1474 1286 1479 ,

78 1514 341 1637 μεγαλοπόλερος
364 1518 454 1641 πρὸς
478 1519 576 1587 αύτύν
597 1525 731 1608 ἐφοίτα,
762 1528 817 1588 καί
837 1524 1005 1603 διεσώζετο
1025 1521 1113 1605 παρὰ
1136 1522 1198 1587 ndo
1272 1553 1278 1562 ·

84 1620 161 1682 Τ
117 1642 261 1703 ουρκων
273 1618 329 1703 τὴν
352 1619 414 1682 ἀπὸ
436 1620 601 1709 θαλάσσης
620 1628 719 1708 μέχρι
750 1626 888 1701 Νικαίας
908 1626 1087 1719 νεμομένων
1107 1624 1199 1704 περί-

82 1744 212 1803 χωρον.
256 1719 300 1797 οἷς
327 1721 387 1804 γὰρ
411 1719 586 1807 ε’ρωτωντες
614 1720 736 1842 αύτρύς
756 1722 835 1808 πρὸς
865 1722 920 1789 ιύν
952 1726 1089 1807 βασιλέα
1111 1715 1227 1846 ηκεινί.
1243 1730 1337 1787 ttov.

31 1822 278 1895 15σπουδαίως
293 1822 486 1906 ἐμάνθανον,
508 1822 610 1900 edelr
633 1822 767 1901 τούτους
789 1850 831 1901 ως
854 1822 1049 1907 ὁμοδούλους
1071 1823 1125 1889 καί
1137 1848 1199 1887 σο-
1274 1840 1278 1846 ’

82 1920 203 2006 νήθεις
227 1922 306 2007 πρὸς
327 1924 382 2008 τὴν
406 1923 589 2009 ὁδοιπορίαν
616 1931 823 2010 παρέπεμπον
855 1921 1076 2011 ταχινούτερον.
1118 1923 1199 2007 ἡμε·
1369 1920 1373 1927 ’

84 2022 161 2105 ρῶν
183 2024 218 2087 δέ
240 2026 334 2089 τινων
367 2025 599 2108 διαγενομένων
630 2026 688 2089 ούκ
712 2020 821 2112 ἤνεγκε
847 2027 902 2091 τδν
926 2021 1022 2090 πόθον
1044 2024 1063 2109 ἦ
1084 2026 1197 2089 εύδοιί-

85 2145 167 2201 μων
192 2122 247 2188 καί
263 2128 522 2210 προκαθεζομένη
543 2129 598 2211 τῆς
611 2124 696 2203 idac
719 2126 913 2212 μητρόπολις
925 2130 981 2192 καί
1001 2124 1102 2211 τὸτῆς
1124 2130 1197 2193 doc.

85 2227 184 2305 λικῆς
205 2230 337 2309 στοργῆς
364 2223 563 2308 περιούσιον,
584 2227 639 2291 καί
659 2227 695 2291 τύ
719 2226 856 2312 πρὸτῆς
878 2228 998 2303 πόλεως
1029 2231 1196 2311 operaep-
1231 2302 1234 2307 ¹

37 2335 77 2391 20
87 2326 173 2387 σθαι
198 2332 347 2410 σκηνίτας
373 2325 448 2402 τούς
480 2330 601 2394 ἐκείνου
627 2330 850 2414 ,προασπιστύς
874 2354 906 2397 τε
929 2330 983 2395 καί
998 2327 1195 2415 στρατηγούς

86 2428 125 2490 έν
143 2427 305 2517 ἐκεχειρία
327 2431 383 2494 καί
401 2429 542 2521 ύιιραξίρι
562 2427 595 2495 έν
615 2433 707 2518 δειυρῖ
723 2435 926 2518 ποιησαμένη,
940 2429 997 2516 τὴν
1020 2429 1119 2496 ούδῖνο
1140 2432 1195 2512 τῆς

76 2523 275 2627 «βουλήσεως
295 2526 468 2616 έκρηγνύει,
491 2535 547 2596 καί
567 2535 653 2620 κοινῇ
673 2533 775 2623 ψήφῳ
796 2533 910 2609 πάντες
932 2530 962 2598 οἱ
983 2533 1017 2596 έν
1036 2531 1120 2620 αύτῄ
1142 2527 1195 2597 τὸν

89 2630 313 2714 Βοτανειοὶτην
335 2629 555 2718 αύτοκρύτορα
573 2627 739 2716 Ῥωμαίων
767 2636 822 2700 κατ’
842 2631 998 2720 δεσπότην
1020 2629 1195 2718 ἀναγορεύ-

93 2918 184 2985 tibus,
207 2921 264 2990 ¹qui
281 2921 333 2972 iam
352 2929 532 2987 occupaverat
555 2920 635 2973 litora
652 2920 783 2973 maritima
810 2929 836 2972 et
854 2937 922 2989 quae
941 2921 974 2972 ad
991 2917 1195 2988 Hellespontum

93 2993 147 3044 sita
165 3001 236 3044 sunt.
280 2993 326 3044 sed
348 2993 426 3043 etium
445 2993 553 3044 Latinus
571 2991 698 3045 Ruselius
726 2993 821 3044 missus
846 2993 943 3045 iterum
969 2998 1060 3043 contra
1086 2991 1195 3044 fratrem

91 3062 225 3130 Brpeuuii
243 3064 374 3132 usquead
387 3062 543 3114 Heracleam
557 3063 684 3115 Thraciae
699 3063 759 3115 siue
778 3062 882 3129 proelio
903 3078 962 3113 cum
980 3061 1108 3114 militibus
1126 3061 1195 3114 reli.

96 3142 157 3186 ctus
176 3144 241 3198 erat,
262 3143 289 3186 et
305 3136 397 3187 urbem
416 3135 485 3187 banc
513 3135 673 3202 praesidium
692 3135 734 3186 sui
754 3135 888 3198 exercitus
908 3133 988 3196 fecit,
1008 3133 1194 3186 conservanti.

91 3205 144 3258 bus
162 3206 282 3258 omnibus
303 3215 330 3257 et
345 3207 569 3275 prosequentibus
587 3206 744 3257 Botaniatae
763 3214 882 3272 tropaea.

97 3332 102 3340 ·
192 3303 233 3356 Ex
251 3293 283 3355 eo
301 3311 389 3354 autem
407 3311 528 3370 tempore
547 3318 576 3354 se
600 3301 711 3369 parabat
731 3318 781 3353 rex
800 3303 899 3372 (ipsum
927 3303 988 3355 dico
1007 3302 1091 3354 adeo
1112 3292 1194 3368 prae-

94 3372 177 3424 latam
195 3374 388 3444 Botaniaten),
408 3384 437 3426 ut
454 3374 614 3441 procederet
637 3374 729 3424 urbem
748 3374 856 3426 Nicaea.
902 3388 1000 3441 mugna-
1016 3381 1104 3424 autem
1121 3371 1194 3423 mul.

93 3445 179 3496 titudo
199 3445 311 3498 aldueus
333 3461 461 3514 epragua
479 3446 546 3497 urbe
563 3446 596 3496 ad
621 3461 680 3496 eum
704 3445 832 3497 veniebat
854 3454 881 3499 et
898 3445 1055 3498 servabatur
1074 3459 1108 3495 ex
1125 3443 1193 3495 l'ur.

94 3516 145 3578 cis,
164 3517 209 3582 qui
231 3515 291 3566 loca
309 3519 409 3568 amari
426 3533 511 3584 usque
536 3517 569 3568 ad
586 3515 711 3568 Nicaeam
735 3517 870 3569 tenebant.
909 3532 968 3568 cum
986 3517 1056 3567 eninr
1074 3516 1194 3570 interror-

95 3593 189 3654 gantes
209 3599 255 3639 eos
274 3588 307 3638 ad
325 3601 416 3654 regem
437 3589 532 3639 venire
551 3588 670 3640 studiose
688 3586 884 3656 intelligerent,
910 3589 996 3640 statim
1016 3587 1065 3639 bos
1084 3594 1113 3637 ut
1132 3584 1193 3636 col-

94 3658 169 3726 legas
188 3660 327 3711 servitutis
353 3667 381 3709 et
399 3661 557 3711 coniunctos
575 3659 608 3710 ad
632 3659 684 3710 iter
699 3659 853 3711 mittebant,
864 3658 989 3710 celerius.
1027 3673 1086 3709 oum
1105 3663 1193 3708 autem

96 3729 152 3781 dies
168 3727 293 3781 nonnulli
320 3731 540 3796 praeteriissent,
557 3744 612 3781 non
630 3729 693 3781 tulit
710 3731 871 3782 desiderium
888 3730 966 3782 beata
993 3737 1020 3780 et
1037 3727 1192 3796 praesidens

96 3801 193 3852 orienti
211 3801 274 3852 urbs
303 3809 331 3852 ct
352 3800 461 3852 servilis
483 3804 581 3853 amoris
603 3803 706 3867 copiam
722 3809 750 3851 et
767 3808 830 3855 ante
848 3801 940 3853 urbem
959 3801 1054 3853 sedere
1081 3803 1109 3852 in
1129 3806 1192 3850 ten.

97 3873 170 3924 toriis
188 3873 264 3925 illius
283 3880 496 3940 propugnatores
515 3881 542 3923 et
560 3875 641 3924 duces
659 3873 687 3922 iu
712 3887 779 3938 pace
798 3880 824 3923 et
843 3875 898 3924 otio
919 3887 1000 3940 segre
1019 3872 1109 3924 ferens
1127 3885 1191 3938 par.
1274 3913 1276 3918 .

98 3948 149 3993 turn
168 3943 315 3996 voluntatis
335 3943 447 4007 edebat,
467 3950 495 3994 et
513 3943 644 3994 communi
672 3944 799 4011 suffragio
819 3957 909 3996 omues
938 3945 965 3994 in
985 3958 1016 3995 ea
1034 3943 1191 3995 Botaniaten

98 4013 280 4080 inperatorem
291 4015 468 4068 Romanorum
481 4023 509 4067 et
526 4015 659 4066 dominum
676 4015 831 4066 renuntiant
849 4030 907 4066 cum
918 4014 1000 4066 multo
1020 4021 1046 4066 et
1064 4015 1191 4067 indomito

100 4095 230 4139 conventu
248 4095 275 4139 et
291 4087 425 4152 elamore,
445 4102 504 4139 cum
522 4087 601 4139 modo
621 4086 717 4138 festum
736 4088 866 4139 adventus
886 4086 1022 4172 euangelii
1039 4087 1130 4139 matris
1147 4084 1192 4136 dei

99 4154 219 4228 instaret,
238 4167 266 4211 et
282 4167 416 4216 uenerunt
435 4173 529 4250 onnes
546 4160 575 4213 in
593 4172 733 4214 commune
761 4165 789 4213 et
805 4159 946 4216 monimum
964 4157 1008 4214 dei
1026 4158 1187 4218 aedilicium
