2834 4750
251 237 300 308 72
355 259 359 266 ’
543 237 772 316 iiim,
795 236 1053 308 tremoris

248 403 440 490 μαρτύριον,
463 398 544 467 ὅπου
566 425 625 483 περ
650 400 749 476 ου’τδς
769 398 939 484 οἰκοδομάς
970 399 1118 485 λαμπρὰς
1141 405 1198 466 καί
1220 407 1364 467 πολυτε-

201 547 204 554 ·
250 512 315 580 λεῖς
334 509 389 568 καί
408 506 577 586 βασιλεῦσι
597 502 819 586 προσηκούσας
838 503 985 584 ἐπήξατο,
1007 506 1135 587 πληρῶν
1149 503 1285 586 ἐντολὴν
1309 507 1364 568 αι’-

250 605 306 668 δοΐ
323 606 382 667 riv*
402 589 638 684 ἐντειλαμένου,
659 607 781 683 μᾶλλον
804 605 840 666 δὲ
861 603 898 688 τῇ
912 604 968 666 τού
989 600 1150 688 μάρτυρος
1170 608 1364 688 insuppos-

249 701 377 785 νόμενυς
403 701 498 790 ἑορτῇ
519 703 575 766 καί
594 701 793 783 κομίσασθαι
814 707 938 784 μέλλων
957 701 991 766 τύ
1014 704 1284 786 προσωρισμὲνον
1306 703 1363 767 τά.

249 809 360 868 λαντον
381 803 435 870 ἐπὶ
455 803 596 882 δεξιώσει
619 806 675 886 τῆς
697 806 899 886 παρουσίας,
920 806 1107 886 παρεγένετο
1129 799 1242 867 θύσων
1268 804 1384 891 adedit

248 908 421 985 βασιλικῶς
441 901 499 988 τήν
519 901 622 986 τιμήν.
667 903 721 967 καί
741 907 848 985 μέντοι
872 901 997 984 κοίτην
1016 898 1206 987 ἑορτάσιμον
1228 899 1362 986 ἡμέραν

250 1006 400 1090 διηνεκῶς
432 1009 581 1085 ἐνέμενεν
605 1006 716 1084 ἐκεῖσε,
740 1004 797 1087 τὴν
816 1004 975 1087 διαγωγὴν
1001 1003 1059 1066 ουίι
1082 1006 1166 1087 αἠδῆ
1185 1008 1359 1089 καθορῶν·
1407 1042 1408 1047 1

248 1109 331 1179 τινὲς
352 1107 387 1168 δὲ
409 1107 473 1170 τῶν
494 1107 548 1187 τῆς
570 1104 803 1188 βασιλευούσης
824 1102 989 1190 κακοήθως
999 1107 1205 1186 διατεθέντες,
1227 1104 1277 1180 ῶς
1300 1109 1362 1170 τοῦ

247 1209 404 1286 βασιλέως
425 1208 630 1288 χαρακτῆρας
652 1209 930 1290 ποραγυμνούντος
951 1207 1008 1269 aria
1028 1207 1164 1291 εύγενεῖς
1174 1204 1236 1286 καὶ
1252 1205 1360 1270 αἶστο-

249 1306 375 1380 τούντος
397 1314 460 1383 τοῖς
481 1304 585 1389 λόγοις
607 1304 662 1369 καί
680 1304 762 1388 προς
781 1303 827 1371 το“’
841 1297 1008 1386 βασιλικόν
1029 1306 1270 1384 ὀλισθαίνοντας
1293 1304 1392 1388 xci-10

249 1413 360 1489 ρὶομα,
382 1406 417 1472 τὸ
438 1409 473 1472 δὲ
499 1408 555 1472 καί
576 1409 756 1491 μεταβολῆς
788 1407 922 1490 ἐρῶντες
956 1405 1061 1472 ἑλπίδι
1080 1405 1265 1509 λημμάτων,
1283 1432 1359 1472 και-

248 1508 332 1586 νῶν,
352 1506 473 1590 βουλήν
508 1505 650 1592 πονηρῶν
684 1502 911 1591 ε’ξαρτύσαντες
941 1501 1014 1592 ἄρτι
1036 1511 1358 1594 προβεβουλευμένην

249 1607 370 1687 αὐτοῖς,
387 1607 597 1686 μεταδιδόασι
627 1609 684 1691 τῆς
702 1605 805 1690 λύμης
833 1607 935 1691 αὐτῆς
965 1606 1004 1669 ου’
1022 1607 1120 1688 μόνον
1140 1611 1358 1690 στρατιωτῶν

247 1703 315 1769 τισί
334 1709 395 1770 τῶν
417 1711 491 1787 περί
512 1706 571 1790 τὴν
594 1700 828 1792 ἤπειρονιίλλοὶ
856 1711 911 1771 καί
936 1716 1000 1784 τοῖς
1016 1705 1079 1772 αἰιύ
1101 1713 1161 1772 τού
1179 1711 1358 1790 βασιλικοῦ

247 1800 361 1868 στόλου
383 1803 514 1889 κοίτης
538 1805 615 1872 κατὰ
638 1806 807 1873 θάλασσαν
829 1808 1027 1902 δορυφορίας
1039 1831 1074 1871 τε
1095 1807 1151 1872 καί
1171 1807 1389 1889 desolatorem

248 1905 304 1969 κατ’
326 1897 363 1986 ἦν
384 1906 495 1984 αὐτοῖς
517 1910 746 1990 διεγνωσμίνον
767 1932 801 1972 τε
822 1913 878 1974 καί
909 1908 1110 1992 συγκείμενον
1131 1912 1184 1974 ἵνα
1206 1912 1269 1973 τού
1291 1915 1356 1992 βα-

248 2009 369 2081 σιλέως·
381 2003 429 2072 ἔτι
444 2017 514 2084 ταῖς
524 2019 739 2092 μαρτυρικιιῖς
753 2013 1049 2100 ξμφιλοχοιροῦντος
1062 2005 1357 2096 σκηναῖςύρθριῶ-

248 2129 355 2189 τερον,
377 2109 437 2193 πρὸ
468 2113 527 2173 τού
550 2113 701 2193 διαγελᾶν
733 2111 941 2195 α’ντύρξασθαι
975 2109 1034 2194 τὴν
1065 2111 1201 2196 ἡμέραν,
1242 2111 1355 2193 οἱμὲν
1407 2126 1408 2131 ’

248 2205 310 2272 σύν
329 2211 501 2297 α’λαλαγμηλ
521 2215 576 2276 καί
594 2216 656 2298 βοῇ
677 2213 732 2276 καί
753 2212 882 2298 θορύβρι
905 2214 1043 2300 μεγίστην
1071 2211 1129 2289 τύς
1151 2215 1205 2294 τῆς
1227 2212 1354 2288 πόλεως
1407 2214 1408 2217 ’

248 2312 400 2387 πλατείίις
420 2312 650 2395 διαταράξωσι,
674 2313 730 2379 καί
744 2321 814 2389 ταῖς
836 2321 994 2398 φρουραῖς
1016 2314 1245 2397 ιιροςβαλύντες
1270 2312 1389 2381 αἰνῶ-λθ

247 2433 360 2475 στατον
380 2409 467 2477 ἅπαν
496 2412 531 2478 τύ
555 2411 741 2498 ἔμφρουρον
762 2415 1023 2500 δσεργύσωνται,
1052 2415 1107 2479 καὶ
1128 2414 1266 2490 πολλούς
1290 2421 1355 2481 τῶν

247 2506 362 2589 ὁμοίιον
382 2511 462 2596 πρὸς
491 2514 663 2597 α’νταρσίαν
696 2516 936 2600 διερεθύτωσιν,
960 2512 990 2579 οἱ
1011 2518 1047 2579 δὲ
1068 2520 1125 2600 τῆς
1142 2518 1263 2600 βουλῆς
1290 2519 1352 2579 ου’-

247 2618 312 2685 τοῖς
339 2618 767 2696 συμμετέχοντεςναυτικοί
796 2624 860 2691 τοῖς
889 2618 1033 2691 α’κατιόις
1058 2614 1118 2701 πρὸ
1150 2618 1211 2681 τῶν
1243 2610 1351 2681 ἄλλων
1407 2683 1408 2686 ,

248 2713 476 2792 προσοκείλοισι
499 2716 540 2801 τῇ
559 2719 665 2803 χέρσῳ
687 2725 751 2781 τῶν
770 2719 977 2803 μαρτυρικῶν
993 2716 1121 2785 ἐκείνων
1138 2722 1274 2803 σκηνῶν,
1296 2724 1352 2783 καί
1407 2727 1408 2738 ’

318 2864 344 2916 2.
365 2864 410 2916 πλ.
429 2859 479 2932 την
496 2857 635 2933 irretiri

248 2999 336 3066 pleret
354 3001 509 3067 imperatum
534 3008 688 3059 reverentia
715 3010 888 3075 imperantis,
907 3012 992 3079 magis
1016 3010 1096 3061 etium
1108 3018 1137 3061 at
1155 3010 1224 3062 festo
1243 3022 1348 3081 marty.

247 3072 284 3123 ris
303 3070 492 3138 delectaretur,
513 3084 539 3127 et
557 3078 662 3129 tradere
682 3081 778 3132 volens
796 3081 933 3133 definitum
951 3081 1078 3133 talentum
1098 3081 1131 3133 ad
1158 3083 1348 3137 salutationem

246 3146 433 3209 praesentire,
460 3146 561 3213 adluit,
587 3152 785 3204 sacrificaturus
811 3154 837 3203 ei
861 3154 938 3220 regie
966 3153 1095 3205 honorem
1115 3162 1142 3204 et
1160 3154 1257 3207 lestum
1276 3158 1346 3209 diem

246 3215 351 3266 assidue
370 3219 497 3269 remansit
514 3219 566 3283 ibi,
587 3222 685 3273 vietum
703 3238 759 3273 non
777 3224 948 3276 iniucundum
963 3232 1096 3291 spectans.
1133 3226 1238 3293 quidem
1257 3237 1346 3280 autem

203 3291 208 3305 ·
246 3293 339 3335 contra
357 3286 495 3352 imperium
509 3291 578 3342 male
592 3291 724 3359 dispositi,
743 3296 818 3361 quusi
830 3313 878 3348 rex
897 3310 985 3347 mores
1004 3296 1149 3360 denudaret
1165 3298 1275 3349 minime
1294 3315 1345 3351 no.

244 3356 330 3419 biles,
360 3366 386 3407 et
403 3358 521 3411 infirmus
539 3363 567 3412 in
585 3365 769 3428 orationibus,
796 3375 823 3417 et
838 3369 908 3435 regii
927 3367 1028 3418 favoris
1047 3367 1272 3432 oblivisceretur,
1292 3379 1345 3422 turn

246 3428 323 3477 etiam
348 3430 501 3481 mutationis
521 3434 610 3499 cupidi
632 3450 679 3501 spe
699 3438 895 3489 commodorum
915 3452 1061 3502 novorum,
1088 3438 1230 3492 consilium
1247 3442 1345 3493 melum

243 3500 404 3553 instruentes
433 3516 532 3567 nuper·
546 3507 726 3571 excogitatum
753 3523 768 3557 a
793 3524 841 3572 se,
864 3510 1058 3560 communicant
1091 3512 1262 3578 ignominiam
1290 3528 1343 3563 non

244 3569 330 3621 solum
350 3587 408 3621 eum
427 3572 538 3623 militum
557 3576 583 3625 in
604 3578 758 3628 continente
776 3579 949 3646 quibasdam,
971 3582 1019 3632 sed
1041 3582 1119 3632 etiam
1138 3598 1197 3632 oum
1216 3583 1343 3635 militibus

243 3637 336 3707 regiae
356 3641 449 3695 classis
465 3652 491 3694 et
509 3646 612 3697 navalis
633 3657 781 3700 armaturae
802 3660 829 3701 et
846 3652 994 3704 exereitus:
1016 3660 1097 3718 atque
1116 3662 1174 3704 eret
1191 3652 1224 3705 ab
1241 3656 1276 3705 iis
1293 3672 1342 3723 ag.

243 3712 327 3760 nitum
347 3720 373 3762 et
394 3722 532 3779 statutum,
560 3726 588 3768 ut
607 3734 673 3787 rege
692 3720 778 3771 adbuc
798 3723 824 3772 in
843 3723 962 3787 martyrii
980 3731 1105 3774 versante
1123 3727 1247 3776 tentoriis
1265 3736 1342 3777 εοεα-

244 3794 321 3846 quam
348 3781 509 3836 illucescere
531 3792 685 3854 coepisset,
711 3791 757 3840 alii
776 3791 877 3844 bellico
903 3801 982 3844 cantu
1004 3802 1031 3844 et
1048 3795 1165 3845 clamore
1186 3804 1213 3846 et
1231 3798 1368 3848 tumultu·

243 3851 355 3900 maximo
382 3854 454 3905 urbis
482 3858 539 3911 vias
561 3862 747 3927 perturbarent
765 3872 793 3914 et
822 3865 954 3930 praesidia
972 3868 1094 3934 aggressi
1113 3867 1247 3918 desertum
1265 3884 1340 3919 omne

190 3970 193 3977 ,
242 3920 402 3985 praesidium
425 3925 545 3979 facerent
564 3941 590 3982 et
609 3932 706 3985 inultos
727 3936 852 3985 similium
870 3936 902 3985 ed
921 3937 1081 3987 seditionem
1102 3941 1271 4002 excitarent,
1296 3940 1340 3989 alii

242 3998 329 4040 aulem
349 3993 454 4045 0⁰1¹sill'i
476 3999 507 4046 iis
528 4006 671 4069 participes
689 4007 801 4058 navales
819 4007 917 4058 milites
938 4006 1062 4060 lintribus
1081 4018 1142 4059 ante
1162 4012 1268 4061 ceteros
1292 4027 1340 4076 ap-

241 4059 376 4127 pellerent
401 4068 520 4130 martyrii
545 4073 600 4123 illis
624 4079 747 4127 tentoriis
773 4087 799 4129 et
821 4093 911 4146 regem
935 4082 1193 4149 appropinquantem
1212 4080 1280 4133 belli
1297 4091 1339 4132 tu-

240 4130 326 4185 multu
355 4137 509 4189 exterritum
536 4150 562 4193 et
580 4145 612 4195 ed
636 4148 737 4216 regiam
763 4150 893 4200 aditurum
918 4166 1001 4220 seque
1021 4152 1234 4206 confirmaturum
1252 4160 1340 4205 eontra
