2834 4750
528 243 737 318 ltls'loltld.
1138 239 1191 316 98

56 407 259 490 ρίωειοδαι,
278 409 449 492 κατεκρίθη
472 405 586 494 φυγήν.
629 405 698 476 εἶτα
720 408 887 494 γενομένης
906 411 993 496 αὐτῷ
1011 412 1069 494 τῆς
1086 409 1190 474 καθά·
1285 469 1292 480 ,

59 501 330 592 δου“άπεστάλη
360 506 440 572 κατά
472 514 536 593 τῷν
558 503 703 593 Θάννων,
724 512 787 575 τάν
810 508 978 590 Ῥωμαίων
994 508 1190 594 άπερμαχη-

59 633 160 689 σοον,
185 609 240 672 καί
256 612 430 694 τηνικαῦτα
452 610 494 674 δι’
517 611 622 675 αἰτίαν
643 613 698 694 τῆς
720 614 784 674 τάν
805 613 1039 691 στρατιωτικῶν
1060 633 1190 697 σιτηρε·

60 712 163 775 σίων
196 708 441 794 δασερατήσεως
466 712 508 796 spi
530 702 661 794 ἄρχοντι
691 708 872 796 προσερράη
901 713 959 775 τοῦ
982 711 1105 776 Χάλεπ.
1161 713 1192 778 εἰ

29 813 97 874 5d'
126 808 302 895 εὐφρόνως
325 807 406 874 κατά
431 815 486 894 τῆς
501 813 625 886 ὀἰκείας
657 809 818 894 ἀπεστάλη
839 813 970 893 μερίδος
996 814 1099 876 καίτοι
1128 836 1189 878 να-

62 913 206 984 κεοθείς
243 906 260 972 ὃ
293 904 476 996 βάρβαρος,
519 911 574 980 καί,
596 913 678 995 μηδὲ
709 913 834 992 με’λλων
867 914 931 976 τοῖν
962 911 1190 997 άπεσχημένων

62 1010 257 1094 τυγχάνειν
270 1013 469 1096 σιτηρεσίων,
492 1020 559 1087 τοῖς
580 1010 848 1095 ἀναγινώσκουσιν
869 1009 1021 1090 ἐξετάζειν
1042 1013 1188 1095 παρίημι.

63 1110 247 1195 γενόμενοι
275 1109 380 1176 τοίνυν
409 1109 489 1178 κατά
513 1109 548 1177 τὸ
572 1109 686 1177 Χάλιτι
720 1109 750 1176 oi
775 1104 910 1190 Οάννοι,
936 1110 992 1176 καί
1023 1133 1190 1197 προσανα-

64 1214 254 1294 μιχθέντες
277 1212 365 1301 αὐτῷ
385 1235 420 1276 τε
447 1215 492 1302 τῷ
524 1213 787 1301 συγκαλεσαμίνηι
817 1216 872 1277 καί
903 1220 970 1288 τοῖς
990 1215 1189 1296 παρανειμέ·

17 1313 146 1389 1θνσις
168 1303 316 1396 Ἄραψι,
349 1309 407 1394 τὴν
437 1314 470 1378 ἒν
492 1314 593 1399 Συρίᾳ
612 1306 810 1395 Ἀντιόχειαν
838 1311 893 1378 καί
917 1309 975 1390 τάς
999 1320 1073 1396 παρ’
1104 1313 1190 1401 αὐτῇ

66 1413 193 1488 πόλεις
225 1414 282 1476 ναί
310 1412 419 1493 κώμας
450 1412 674 1498 ἀπανθρώπως
705 1412 885 1493 ἐμάστιζον,
938 1411 993 1478 καί
1024 1409 1045 1497 ἦ
1073 1413 1188 1496 μάστιξ

69 1515 213 1600 σφαγαί
251 1518 313 1597 καί,
348 1511 564 1600 πυρπολήσεις
605 1512 661 1578 καί
699 1512 958 1598 άνδραποδισμοί
991 1517 1047 1579 καί
1078 1501 1188 1599 λαφυ-

68 1619 260 1700 ραγωγίαι,
291 1615 347 1681 καί
373 1612 434 1682 ὅσα
464 1622 534 1690 ταῖς
561 1619 775 1700 βαρβαρικοῖς
805 1615 994 1698 ἐπιδρομαῖς
1017 1617 1187 1698 συμπαρέ-

71 1737 210 1781 πονται.
229 1743 233 1750 ’
253 1715 325 1780 ε’πεί
344 1719 373 1780 δ’
394 1713 458 1782 ἔδει
481 1711 637 1800 στρατιάν
663 1717 696 1790 ἐς
718 1712 837 1791 adroic
866 1718 1064 1803 πεμφθῆναι,
1085 1715 1186 1800 συνη-

23 1821 218 1900 15θροιστο
238 1821 298 1899 μὲν
318 1816 481 1902 ἀξιόλογον
498 1815 680 1902 στράτευμα
699 1815 754 1880 καί
775 1815 928 1901 ἦγεμάνες
947 1818 1063 1882 τούτου
1084 1820 1185 1900 προέ-

72 1942 213 2006 στησαν,
236 1918 257 2003 ἦ
281 1921 316 1985 δὲ
336 1921 494 2005 φειδωλία
517 1918 613 1984 πάλιν
639 1910 789 2002 άπραιτα
818 1917 874 1982 καί
894 1919 993 2002 αἰιλεῆ
1013 1915 1214 2002 κατειργά-δ.
1234 1924 1286 1988 186
1300 1949 1324 1988 r.

72 2045 173 2088 σατο.
217 2013 254 2084 σά
276 2019 339 2104 γάρ
361 2019 549 2105 ὁλοκληρίαν
572 2020 734 2104 ἠθέλησαν
756 2015 786 2083 ot
800 2025 991 2104 κρατοῦντες
1012 2021 1071 2084 τοῦ
1092 2020 1186 2102 δρω-
1239 2049 1245 2055 ’

75 2124 225 2204 νιασμοῦ
248 2129 428 2207 παρασχεῖν
450 2118 633 2204 άνθράτιοις
654 2119 880 2202 πολεμίοιςιιαί
899 2117 1023 2204 μάχαις
1045 2143 1187 2186 κακοπα-

73 2223 198 2308 θὴαειν
221 2221 428 2309 δριιλουσιν,
457 2219 539 2290 data
567 2225 659 2308 μέρει
681 2220 746 2288 τινί
772 2214 902 2298 τοάιους
922 2223 1082 2312 ἐλαχίστην
1104 2219 1185 2305 πρὸς

29 2339 66 2397 20
76 2323 138 2393 τὸν
161 2319 244 2409 o‘aip
260 2325 316 2409 τῆς
339 2324 450 2410 ψυχῆς
478 2317 586 2409 άγοδνα
611 2326 825 2411 παρακινῆσαι
847 2318 1061 2390 ἐσπούδασαν.
1105 2323 1188 2389 utut·

76 2449 185 2511 τυχον
218 2428 254 2491 δέ
287 2420 366 2491 ὅλων
394 2421 485 2508 ὁμοῦ.
535 2424 570 2491 τά
599 2428 660 2507 μέν
698 2425 762 2510 γάρ
792 2422 932 2509 σ’ψάνιον
966 2422 997 2490 οἱ
1028 2424 1186 2511 στρατιά-

78 2552 134 2595 ται
158 2524 340 2611 ἐδέξαντο,
358 2527 443 2593 κατά
467 2528 502 2591 δὲ
524 2530 588 2595 τάν
622 2532 770 2595 ἐναντίων
796 2529 994 2612 πορευθῆναι
1023 2528 1065 2589 ου’
1092 2548 1186 2591 ναιε-

79 2631 236 2712 δίξαντσ,
266 2633 361 2716 μέρος
390 2654 421 2697 τι
448 2631 509 2696 τάν
537 2627 843 2716 προῦσεερησάνεων
874 2627 983 2704 ον’τσδς
1015 2623 1186 2711 λογισάμε-

78 2754 132 2797 νοι
154 2735 258 2799 τοῦτο.
303 2734 359 2799 ναί
379 2728 488 2821 φωνὴν
509 2729 684 2817 ἐγείραντες
714 2723 838 2823 άσημον
862 2731 908 2808 εἷς
930 2726 970 2796 τά
995 2731 1093 2797 οἰκεῖα
1117 2730 1187 2795 διε-

157 2920 199 2974 15.
216 2921 305 2981 πάλιν
323 2917 455 2993 ἄπρακτα
470 2919 558 2977 τἰάλιν
575 2922 624 2975 καὶ
642 2919 672 2974 G·
764 2919 808 2972 21.
829 2919 861 2974 δέ
878 2877 955 2993 άμοδ
975 2915 1049 2975 ὅλων
1066 2915 1141 2992 άμοῦ
1152 2916 1183 2973 0.

82 3086 148 3143 tus,
173 3078 271 3129 missus
299 3083 341 3129 est
368 3082 460 3129 contra
486 3076 618 3141 Hunnos,
645 3075 755 3129 Graecis
782 3084 1011 3145 propugnaturus:
1031 3085 1111 3145 atque
1129 3084 1184 3128 tam

83 3157 266 3218 surreptorum
284 3148 437 3201 militarium
456 3150 647 3215 stipendiorum
660 3149 796 3201 incusatus
810 3148 903 3199 dacem
923 3150 1050 3200 convenit
1061 3147 1183 3215 Chalepi.

83 3237 148 3273 num
166 3229 253 3273 autern
274 3220 396 3272 consulto
419 3229 511 3275 contra
529 3236 602 3275 suam
631 3221 727 3272 missus
752 3220 787 3271 sit
807 3227 907 3286 partem
927 3221 1048 3288 quamvis
1066 3220 1183 3273 oiiensus

82 3291 228 3357 barbarus,
246 3307 334 3361 neque
353 3307 419 3343 vero
440 3292 545 3345 obiecta
563 3290 697 3360 stipendia
716 3291 875 3356 adepturus,
895 3292 989 3358 peritis
1014 3292 1183 3361 investigari.

84 3364 147 3415 dum
166 3363 305 3433 relinquo:
325 3365 482 3432 congregati
501 3366 584 3432 igitur
603 3371 695 3414 contra
716 3360 861 3429 Chalepum
880 3362 969 3415 ilunni
996 3373 1022 3417 et
1049 3364 1184 3415 commixti
1296 3412 1303 3425 ,

84 3434 137 3501 ipsi
157 3436 316 3487 convocanti
342 3443 369 3486 et
386 3435 551 3488 adstantibus
575 3434 707 3489 Arabibus
732 3433 903 3487 Antiochiam
927 3433 1021 3500 Syriae
1045 3435 1137 3486 urbem
1157 3441 1185 3485 et

85 3506 188 3558 vicinas
212 3504 291 3559 urbes
319 3513 346 3557 et
363 3521 447 3576 pagos
473 3508 501 3558 in
528 3506 686 3561 solitudines
705 3504 925 3573 flagellabantur3
946 3514 1026 3573 atque
1047 3504 1183 3573 flagellum

86 3585 143 3629 erat
160 3578 256 3630 caedes
279 3585 306 3629 et
324 3578 449 3629 incendia
468 3586 494 3629 et
513 3579 683 3647 captivitates
703 3585 730 3629 et
747 3577 935 3645 praedationes
955 3584 982 3628 et
1006 3591 1182 3645 quaecunque

84 3646 210 3701 barbaros
229 3649 399 3702 incursiones
418 3658 573 3717 sequuntur.
612 3666 670 3701 cum
690 3657 778 3701 autem
796 3664 910 3721 necesse
924 3655 1005 3713 esset,
1023 3656 1052 3701 ut
1065 3648 1137 3699 acies
1149 3646 1182 3701 ad

86 3733 132 3771 eos
148 3720 308 3784 mitteretur,
329 3728 436 3773 coactus
456 3729 497 3773 est
509 3720 688 3773 memorabilis
708 3722 842 3773 exercitus
862 3728 889 3771 et
906 3719 988 3772 duces
1007 3720 1033 3770 ei
1052 3718 1181 3786 praefue-

84 3799 153 3855 runt,
177 3793 340 3859 parsimonia
364 3798 451 3843 autem
479 3807 570 3844 rursus
595 3792 704 3844 iniectis
723 3791 803 3843 rebus
822 3808 881 3850 eum
901 3800 928 3842 et
945 3789 1094 3859 ingloriose
1113 3807 1180 3844 con.

85 3860 164 3915 iecit:
179 3879 281 3931 ,neque
301 3864 370 3915 enim
389 3864 521 3931 integrum
541 3862 685 3915 voluerunt
704 3862 835 3929 praefecti
855 3871 1029 3914 commeatum
1051 3862 1181 3932 praebere
1250 3896 1253 3901 -
1322 3855 1325 3862 ¹

85 3931 233 3987 hominibus
261 3934 425 3987 bellantibus
444 3942 470 3985 et
487 3936 584 4002 pugnis
608 3933 790 3997 laboraturis,
816 3934 864 3985 sed
889 3941 964 3999 parte
988 3936 1104 4005 quadam.
1131 3934 1180 3987 hos

84 4006 189 4058 minima
208 4006 324 4059 advitae
335 4014 470 4059 certamen
488 4020 598 4056 movere
617 4005 792 4057 studuerunt:
812 4004 1083 4071 perdideruntautem
1101 4004 1180 4058 simul

86 4078 180 4143 omnia,
201 4086 375 4130 commeatum
390 4077 460 4129 enim
478 4075 578 4129 milites
591 4085 763 4143 acceperunt,
785 4083 877 4127 contra
896 4074 988 4131 hostes
1008 4087 1095 4130 antem
1113 4092 1179 4146 pro-

85 4147 166 4205 ticisci
184 4166 239 4205 non
257 4151 456 4217 sustinuerunt;
475 4164 537 4219 pars
563 4148 692 4220 quaedam
710 4149 908 4203 advenientium
927 4150 961 4205 iis
980 4150 1180 4204 considerantes

237 4420 249 4461 ί
