2834 4750
251 239 302 322 tt
544 228 766 337 ntentans
796 247 1055 320 animumn

252 410 371 489 αύτούς
400 415 445 490 τός
474 410 683 496 αἱρετώτερον
711 411 779 495 ἔχει
809 417 927 478 θάττον
956 410 1103 478 ἁπάντων
1135 415 1323 477 ἀποθανεῖν
1350 406 1371 495 ἢ

107 521 125 578 l.
147 523 196 578 175
216 541 239 580 τ.
251 513 441 598 ψεύσασθαι
472 512 527 597 την
552 512 723 596 ὁμολογίαν
744 521 798 598 της
816 515 885 592 μετ’
917 513 1023 578 ούτιόν
1042 516 1179 595 στερρός
1200 514 1371 594 διαμονῆς

249 617 305 679 κατ’
325 609 507 698 άθλήσευς,
536 614 665 688 οἰκείαις
691 617 727 680 δὲ
746 617 843 695 χερσὶ
871 613 945 689 τούς
969 603 1069 688 πόόος
1096 608 1271 692 άποτέμνει
1302 616 1371 676 τῶν

249 714 362 795 ἵππων,
383 717 552 798 καὶμέχρι
574 717 682 790 τέλους
706 716 928 797 ἀγωνίσασθαι
947 713 1003 778 τόν
1025 715 1098 799 περί
1118 715 1227 798 ψυχῆς
1249 716 1370 795 α’γαῖνα

250 820 329 880 πάσι
353 814 633 900 κατεπηγγείλατο,
666 815 723 880 κατ’
748 824 812 889 τοῖς
833 814 1079 896 πολεμιωτάτοις
1100 816 1287 896 άμόνεσθαι
1308 813 1389 879 nais

248 915 293 1000 μη
317 918 528 1002 διαρραγῆναι
559 920 615 1000 τῆς
639 918 790 992 συνοδίας
812 920 923 981 αὐτοῦ.
978 914 1066 980 cite
1089 915 1125 980 τό
1146 916 1275 1000 θάρσος
1295 910 1368 979 αύ-

249 1020 307 1084 τού
334 1021 388 1082 καί
415 1017 448 1082 τό
472 1020 527 1100 τῆς
554 1017 698 1100 εύγενούς
728 1019 863 1101 α’νόριάς
883 1015 1049 1103 ὑπερφυές
1074 1017 1282 1100 α’γασθέντες,
1307 1015 1369 1079 καὶ

249 1116 304 1201 τὴν
323 1122 378 1202 τῆς
397 1117 522 1202 γνώμης
544 1115 703 1202 εύθύτητα
726 1122 782 1183 καί
803 1119 861 1200 τὴν
882 1113 965 1202 άγον
994 1113 1164 1199 εύτολμιάν
1185 1120 1242 1180 καί
1261 1141 1367 1200 στερ-

250 1215 387 1302 ροτάτην
413 1222 519 1282 πίστιν
548 1215 758 1303 ἐκπληκτικῶς
793 1222 1034 1303 ἐπαινέσαντες,
1066 1221 1230 1294 εύέλπιδες
1261 1210 1366 1293 όντως

248 1321 395 1404 γεγόνασι
425 1322 481 1384 τού
501 1322 601 1403 μηδέν
623 1343 655 1382 τι
683 1325 801 1384 παθεῖν
830 1318 1023 1402 π’νὴκεστον,
1055 1323 1195 1385 τοιοῦτον
1216 1317 1397 1404 domimo

249 1424 435 1506 κεκτημένοι
456 1423 511 1484 καί
530 1423 586 1484 τού
609 1425 748 1499 πολέμου
771 1424 900 1504 καὶτῆς
922 1420 1001 1483 ὁδοῦ
1023 1419 1273 1504 προεξόρχοντο.
1309 1417 1366 1482 ἔκ-

249 1542 317 1599 τοτε
339 1512 396 1584 cdv
418 1522 471 1584 ἐπί
494 1522 583 1586 έννέα
611 1520 736 1603 ἡμέρας
756 1520 810 1583 καί
830 1518 985 1594 τοσαύτας
1009 1518 1123 1594 νύκτας
1153 1518 1191 1582 ού
1214 1521 1365 1582 διέλιπον

250 1616 281 1684 οἱ
300 1622 445 1700 πολέμιοι
481 1620 741 1704 περιιππεύοντες
771 1620 890 1696 αύτούς
924 1626 980 1684 κατ’
1009 1621 1285 1696 καθυλακτοόντες
1307 1624 1366 1683 καί

249 1721 350 1798 τόξοις
370 1719 550 1802 βάλλοντες.
603 1717 633 1784 οἱ
662 1724 697 1786 δὲ
720 1721 777 1800 τάς
799 1725 938 1798 α’σπίδος
970 1727 1184 1806 προτείνοντες
1207 1723 1363 1803 ἐδέχοντο

249 1823 309 1902 μέν
330 1817 365 1886 τά
393 1823 469 1906 βέλη
491 1813 611 1887 τούτων
635 1821 690 1887 καί
709 1821 936 1908 άπεκρούοντο,
959 1818 1107 1905 ἐχόμενοι
1136 1823 1172 1886 δέ
1201 1823 1257 1904 τῆς
1280 1817 1395 1885 docto

251 1922 283 1987 εἴ
300 1919 386 1998 τινος
409 1915 503 2005 εόρον
524 1919 652 2007 ἔγγιστα
674 1923 797 2001 τούτοις
820 1925 1112 2008 παροπελάζοντας,
1135 1924 1362 2006 οτερροιέραις

251 2021 334 2089 πάνυ
357 2021 549 2090 κατεπόνουν
570 2031 714 2110 πληγαῖς.
737 2027 793 2090 καί
811 2018 964 2109 περιέστη
984 2030 1026 2113 τῷ
1055 2021 1253 2110 Βοτανειάτη
1275 2019 1360 2103 μετά

251 2127 314 2188 ταῖν
332 2124 416 2211 άμφ’
450 2124 550 2192 αύτόν
581 2126 597 2189 ό
625 2131 684 2192 τού
712 2131 850 2208 πολέμου
871 2125 934 2190 κατ’
962 2127 1017 2209 τῆς
1043 2125 1127 2188 άπού
1148 2122 1291 2203 κύματος
1315 2123 1361 2197 εἰς

181 2263 186 2282 r
252 2221 329 2302 όλας
351 2225 472 2310 ἡμέρας
495 2230 606 2304 ἕνδεκα
628 2233 683 2294 καί
703 2229 819 2302 νύκτας
840 2229 929 2309 ἴσας,
951 2228 1082 2310 πρᾶγμα
1104 2227 1183 2308 μήτε
1204 2230 1271 2300 τοῖς
1291 2249 1360 2287 πα-

252 2333 354 2404 λαιοῖς
373 2325 502 2405 ἐκείνοις
523 2327 578 2393 καί
596 2329 763 2419 ᾀδομένοις
784 2331 831 2404 εἰς
858 2327 989 2409 άνόρίας
1009 2325 1154 2392 ἐπίτασιν
1174 2323 1253 2408 μήτε
1273 2328 1395 2402 νέοιςγιι

251 2426 285 2493 έν
307 2453 341 2495 τε
358 2429 528 2513 Ῥωμαίοις
558 2435 613 2495 καί
632 2424 784 2515 Πέρσαις
801 2429 855 2494 κατ’
880 2436 1001 2504 λοιποῖς
1022 2427 1128 2493 ἔθνεσι
1149 2430 1359 2511 κατορθωθέν

251 2552 286 2594 τε
310 2532 365 2595 καί
385 2535 555 2617 τολμηθέν.
608 2531 625 2595 ό
646 2531 705 2616 γάρ
730 2527 867 2613 πόλεμος
889 2534 945 2595 κατ’
972 2531 1124 2613 ἡμίτομον
1145 2526 1269 2611 ἡμέραν
1289 2529 1358 2591 τινό

251 2631 498 2717 προσγενόμενος
519 2636 694 2718 παραλύειν
717 2627 801 2697 οἶδεν
821 2627 918 2697 ούτόν
939 2632 994 2697 καί
1014 2631 1171 2696 άνάλκιδα
1190 2630 1355 2709 τίθεσθαι,

322 2780 400 2905 §.tan
419 2780 537 2839 adrair‘l
644 2783 685 2836 18.
704 2800 738 2836 au
757 2783 850 2840 odori?
873 2800 965 2854 margo
983 2784 1034 2840 τοό
1051 2783 1149 2839 νόθου.
1187 2780 1256 2837 όόοό
1273 2781 1354 2835 etiarn

323 2869 351 2906 ur
366 2868 468 2922 erpres.
1097 2867 1100 2879 ·

251 3020 302 3071 nic.
340 3018 456 3087 propriis
483 3026 570 3072 autem
589 3020 708 3072 manibus
735 3015 817 3087 pedes
846 3020 977 3071 abscindit
1002 3034 1149 3087 equorum,
1178 3026 1248 3070 etut
1267 3034 1354 3087 usque

206 3113 211 3127 ·
251 3092 284 3144 ad
306 3090 386 3143 finem
404 3091 497 3144 salutis
526 3100 660 3144 certamen
679 3100 814 3143 certarent
832 3092 953 3143 omnibus
972 3093 1155 3159 pronuntiavit
1174 3098 1201 3141 et
1220 3092 1353 3142 inimicis.

251 3163 323 3217 simis
342 3160 502 3216 resisterent
520 3180 591 3215 neve
613 3165 809 3231 dissiparentur
828 3164 860 3215 ab
877 3166 1019 3215 coniuncto
1035 3166 1132 3215 itinere
1152 3164 1219 3213 eius.
1257 3160 1285 3213 bi
1302 3179 1353 3214 au-

226 3251 229 3257 ·
251 3243 305 3286 tem
322 3237 437 3286 animum
464 3237 521 3287 eius
550 3244 576 3287 ct
600 3236 699 3296 nobilis
724 3237 830 3287 virtutis
855 3236 1062 3303 magnitudinem
1089 3234 1208 3285 admirati
1234 3242 1262 3283 et
1288 3250 1353 3285 sen-

251 3305 352 3357 tentiae
371 3305 570 3372 simplicitatem
582 3316 608 3357 ct
625 3308 761 3375 ingentem
780 3308 1021 3375 magnanimitatem
1040 3315 1067 3357 et
1085 3306 1258 3357 firmissimam
1275 3306 1353 3356 lidem

252 3384 362 3443 stupore
382 3376 521 3429 laudantes
541 3393 615 3444 spem
633 3379 730 3430 bonam
748 3395 845 3431 severa
864 3385 1035 3444 acceperunt,
1054 3378 1121 3428 nihil
1141 3376 1259 3443 patiendi
1278 3376 1352 3426 into.

244 3443 375 3513 'lerabile,
396 3464 455 3499 cum
473 3448 554 3502 talem
572 3450 665 3501 ducem
685 3450 815 3502 baberent
833 3458 860 3501 et
878 3450 944 3501 belli
964 3458 990 3499 et
1003 3450 1107 3499 itineris
1126 3447 1281 3515 principem.
1321 3462 1354 3498 ex

253 3520 304 3571 hec
335 3529 456 3587 tempore
481 3520 590 3572 circiter
618 3536 716 3573 novem
744 3523 800 3573 dies
826 3529 852 3571 et
878 3522 988 3572 totidem
1015 3528 1109 3571 noctes
1134 3534 1189 3571 nou
1215 3518 1354 3570 cessabant

253 3592 344 3644 hostes
374 3592 524 3661 equitantes
544 3593 642 3643 circum
662 3609 707 3643 eos
728 3602 755 3643 et
773 3592 900 3643 latrantes
920 3600 947 3641 ct
964 3591 1059 3643 iaculis
1081 3593 1218 3641 iacientes.
1257 3590 1284 3639 bl
1303 3606 1352 3640 au-

176 3726 179 3731 ,
252 3672 306 3713 tem
333 3673 407 3715 scuta
431 3664 622 3731 protendentes
648 3663 817 3730 excipiebant
835 3662 922 3713 iacula
939 3663 1032 3716 horum
1053 3671 1080 3712 et
1096 3661 1273 3728 repellebant.
1310 3670 1352 3711 te.

253 3748 334 3784 naces
354 3744 442 3785 autem
462 3732 523 3787 via'e
543 3736 565 3786 si
588 3750 654 3802 quos
673 3736 835 3786 invenerunt
853 3749 937 3801 prope
957 3734 997 3784 liis
1016 3734 1261 3800 appropinquantes
1285 3733 1352 3784 den.

253 3802 368 3855 sinribus
391 3808 498 3857 omnino
518 3820 564 3859 eos
584 3807 725 3857 domabant
744 3806 861 3856 ictibus:
877 3814 910 3856 et
928 3805 1044 3857 instabat
1062 3805 1197 3857 Botaniati
1217 3819 1275 3854 cum
1295 3806 1352 3857 eius

252 3872 381 3925 militibus
407 3875 473 3926 belli
500 3884 526 3926 et
544 3878 647 3930 itineris
676 3878 797 3945 fatigatio
821 3891 869 3942 per
896 3884 967 3929 totos
990 3877 1047 3928 dies
1075 3878 1197 3928 undecim
1217 3884 1244 3927 et
1260 3885 1352 3929 noctes

252 3944 379 3996 totidem:
399 3961 442 4005 res
465 3960 552 4013 neque
578 3949 715 4000 veteribus
739 3947 796 4000 illis
816 3957 842 3999 et
861 3948 1004 4000 celebratis
1025 3956 1135 4015 propter
1159 3948 1266 3999 virtutis
1287 3962 1352 3998 con·

251 4016 398 4067 tentionem
424 4032 515 4084 neque
541 4022 619 4073 novis
645 4022 715 4073 inter
744 4020 861 4073 Graecos
887 4028 914 4070 et
941 4019 1035 4071 Persas
1063 4028 1090 4070 et
1115 4028 1221 4070 ceteros
1239 4017 1351 4084 populos

252 4094 403 4157 perpetrata
423 4096 450 4140 et
473 4099 610 4159 suscepta:
629 4092 730 4145 bcllum
755 4094 825 4144 enim
854 4092 932 4143 ctiam
957 4107 1005 4159 per
1033 4092 1168 4144 dimidium
1184 4090 1254 4140 diem
1272 4089 1351 4141 alicui

252 4160 353 4215 instant
379 4158 489 4215 solvere
514 4162 566 4213 scit
591 4179 650 4213 curn
680 4171 705 4214 et
732 4165 862 4216 infirmum
882 4163 991 4225 lacere,
1018 4163 1168 4230 etquidem
1189 4162 1349 4229 equitantem
