2834 4750
256 242 304 314 36
546 242 769 325 ΜΙΟΗΔΕΙιΙβ
796 240 1056 309 h'l'lhthThli

254 405 400 492 θδρρησε
426 405 462 470 τὸ
489 404 687 488 Ῥωμαϊκόν,
723 410 779 471 καί
799 401 823 487 ὅ
845 402 998 483 βασιλευς
1020 407 1083 468 τοῖν
1104 406 1158 470 ἐπί
1176 407 1233 488 τῆς
1258 403 1364 485 αδλῆς

254 509 309 572 ἕνα
332 501 509 592 στρατηγὸν
544 506 783 590 δναδεδειχυδς,
803 505 903 595 τούτῳ
925 503 994 594 τοὶς.
1014 501 1187 588 ἑσπερίους,
1202 499 1364 585 δυνάμεις

254 605 354 684 addon
378 607 561 692 ἐνεχείρισε.
614 606 669 671 καί
687 603 723 682 δς
742 604 823 670 κατὰ
847 606 882 669 τὸ
915 603 1070 691 φρούριον
1090 607 1145 690 τῆς
1167 598 1364 687 Χοριουπδ-

254 715 332 785 λεονς
354 706 489 791 γεγονώς
509 704 595 783 ἐκτὸς
616 704 733 793 ταύτης
753 705 808 771 τὸν
821 702 956 790 χάρακα
984 710 1117 770 τίθεται.
1159 700 1286 788 μαθων
1309 694 1366 765 οὖν

255 807 298 886 ὥς
320 813 442 892 πλῆθος
464 809 521 874 oria
544 809 762 893 εδαρίθμητυν
773 807 909 871 Σκυθῶν
928 798 999 889 ἄρτι
1015 806 1199 892 προσβαλεῖν
1218 802 1262 869 τοὶ
1292 806 1383 886 nepio

253 907 311 993 τήν
324 909 473 974 Χαλκίδα
496 911 551 976 καί
575 907 839 992 Ἀρκαδιοδπολιν
854 907 908 970 κοί
928 901 989 971 ὅσα
1005 906 1227 992 δυσμικώτερα
1239 906 1367 970 τούτων

254 1003 405 1093 ληιῒεται,
418 1003 500 1092 δρας
511 1012 633 1088 ἐκεῖθεν
646 1011 844 1093 πανστρατιᾷ
867 1015 933 1082 τοῖς
950 1004 1367 1094 βαρβάροις,καταπληττο-μ

255 1113 317 1189 asic
339 1110 565 1196 inspoliatus·
609 1113 663 1174 καί
685 1107 744 1183 τὰς
768 1106 937 1193 φάλαγγας
959 1105 1089 1186 ἐκτάξας
1109 1111 1295 1190 πολεμικῶς
1314 1105 1368 1170 καί

254 1213 388 1294 θαρρεῖν
408 1207 709 1295 ααρεγγυησοίμενος
725 1206 790 1272 uiui
811 1206 946 1292 ῥυτῆρος
961 1202 1081 1294 ἤλαυνε
1100 1211 1308 1274 κατ’,οιίτιὸα
1337 1203 1366 1269 υἱ

254 1310 292 1374 δὲ
308 1308 389 1394 πρὸς
409 1310 522 1394 κοιρδν
544 1309 746 1393 ἀντισχόντες
758 1316 813 1376 καί
830 1305 1006 1395 τηνμιίχην
1020 1309 1291 1392 ἐπισυνδψαντες,
1313 1308 1366 1374 καί
1373 1313 1393 1364 1⁰

254 1413 300 1489 εἰς
321 1409 419 1495 α’λκῆν
446 1409 682 1495 διερεθίοαντες
711 1407 855 1489 ἑαυτοῖς,
875 1412 938 1476 ταῖν
952 1410 1121 1487 Ῥωμαίων
1152 1411 1365 1492 ἐπικειμένων

255 1511 310 1578 καί
330 1509 466 1589 πολλοῖς
491 1509 706 1598 ἀναιρούντων
721 1512 766 1586 είς
790 1511 897 1597 φυγὴν
917 1509 973 1574 καί
991 1503 1120 1586 ἐκοντες
1139 1506 1287 1576 ἔνευσεν.
1314 1508 1367 1574 καί

256 1615 314 1696 τῆς
334 1613 471 1692 διώξεως
494 1609 548 1679 ἐπί
566 1614 646 1677 nolti
672 1615 840 1697 γενομένης
860 1614 976 1694 συχνοί
994 1614 1058 1677 τῶν
1081 1615 1214 1682 Σκυθῶν
1235 1609 1365 1680 ἔπεσον.

153 1745 159 1756 ·
256 1705 324 1778 εἶτα
346 1714 402 1778 καί
423 1709 513 1798 λόχοι
536 1713 660 1779 τούτων
683 1709 804 1797 α’θρδον
827 1721 894 1789 τοῖς
913 1716 968 1778 ἐπί
987 1716 1045 1797 τῆς
1066 1714 1218 1796 υδραγίας
1242 1715 1365 1796 ἐπιχυ-

257 1825 366 1900 θέντες
386 1824 442 1888 καί
460 1823 555 1889 ου’τυί
577 1827 618 1910 τῇ
646 1827 735 1912 φορᾷ
755 1827 818 1888 τοῖν
838 1821 1037 1889 ἐλαυνόντων
1059 1821 1264 1908 ἡττήθησαν·
1313 1821 1392 1887 uuili

256 1924 372 1998 πάντες
409 1923 493 2006 opat
525 1923 794 2009 συνεδιώχθησαν
827 1914 905 2008 ἄχρι
939 1926 999 1988 rori
1022 1919 1203 1990 Ῥεντακίου
1229 1926 1364 2005 βουνοῦ.

117 2047 138 2105 ς,
158 2023 210 2104 174
224 2063 248 2104 r,
257 2027 313 2092 καί
343 2027 373 2091 εἰ
408 2023 453 2108 μὴ
484 2032 550 2112 τοῖς
583 2027 718 2108 δρυμοῖς
748 2027 803 2090 καί
824 2034 900 2112 ταῖς,
923 2024 1038 2100 νάπαις
1066 2028 1272 2112 κατέφυγον,
1308 2019 1366 2088 κεῖν

257 2123 375 2192 ἐκειντο
396 2124 517 2212 ιπάντες
556 2128 611 2210 τῆς
636 2125 821 2213 Ῥωμαῖκῆς
848 2131 1013 2214 μαχαίρας
1034 2127 1231 2212 ’γενόμενοι
1252 2151 1365 2211 παρυ-

258 2223 403 2310 νδλωμα.
811 2255 815 2258 ·
1121 2311 1126 2314 ἡ

363 2333 481 2398 Τοῦτον
512 2333 547 2398 δέ
580 2331 633 2397 τὸν
666 2329 785 2416 τρόπον
822 2334 1081 2419 προτερησάντων
1103 2335 1167 2398 τῶν
1183 2331 1391 2415 Ῥωμαίωκκλ

257 2434 340 2516 μετὰ
366 2432 482 2518 χρόνον
504 2434 575 2498 τινὰ
600 2430 690 2519 φήμη
713 2457 761 2522 τις
785 2432 942 2517 ἐπιτρέχει
973 2433 1049 2513 τούς
1066 2436 1203 2508 ’Σκύθας
1226 2438 1365 2524 λέγουσα

258 2534 338 2616 μετὰ
360 2531 527 2615 δυνάμεως
547 2534 653 2617 ἱκανῆς
677 2540 894 2618 παρεμβαλεῖν
916 2536 961 2610 εἰς
984 2534 1040 2599 τὸν
1065 2533 1253 2614 Τοπλιτζδν·
1311 2532 1364 2600 τδ-

258 2656 318 2711 πος
339 2636 374 2700 δὲ
400 2626 494 2711 οὗτος
517 2636 558 2698 ου’
576 2634 692 2718 μικρὸν
714 2628 839 2706 ,ἄποθεν
867 2637 923 2722 τῆς
936 2630 1235 2723 Ἀδριανυυπόλεως
1254 2640 1364 2720 κείμε-

664 2230 668 2248 t

201 2982 205 2986 .
262 2937 357 2990 Graeci
384 2942 410 2997 et
434 2950 483 2988 rex
511 2952 545 2989 ex
570 2938 715 2992 curialibus
740 2954 821 2990 unum
851 2938 944 2991 ducem
971 2946 1066 2991 creans
1092 2937 1156 2991 huic
1182 2938 1364 2991 occidentales

188 3003 193 3007 ’
261 3009 334 3060 vires
359 3008 445 3061 statim
470 3010 594 3061 tradidit¹
629 3019 710 3079 atquc
739 3010 782 3061 hic
807 3011 835 3061 in
867 3010 978 3062 castello
1004 3010 1175 3082 Charippolis
1204 3003 1364 3062 constitutus

262 3088 338 3132 extra
355 3080 424 3133 hanc
443 3080 544 3133 vallum
557 3083 630 3134 iacit.
670 3098 728 3133 cum
747 3084 829 3150 igitur
846 3082 1008 3145 audivisset,
1026 3082 1220 3133 multitudinem
1239 3083 1363 3133 innume-

260 3151 372 3203 rabilem
387 3152 544 3217 Scytharum
561 3169 648 3220 nuper
659 3170 813 3223 aggressam
831 3156 958 3222 regiones
978 3153 1112 3207 Chalcidis
1132 3162 1159 3204 et
1176 3154 1364 3221 Arcadiopolis

263 3231 289 3273 et
308 3238 376 3290 quae
395 3223 437 3275 his
455 3225 540 3292 magis
559 3226 591 3276 ad
613 3226 779 3277 occidentem
798 3234 859 3277 sunt
877 3241 956 3278 versu
974 3224 1110 3291 spoliare,
1138 3225 1276 3292 proiectus
1301 3226 1364 3277 iude

263 3309 321 3349 cum
339 3302 396 3345 toto
414 3296 534 3351 exercitu
545 3295 663 3348 barbaris
682 3304 786 3348 terrens
806 3305 930 3363 apparet:
948 3305 975 3347 et
993 3305 1131 3364 postquam
1151 3296 1299 3364 phalanges
1324 3299 1362 3347 in-

263 3365 359 3418 struxit
378 3364 410 3415 ad
428 3363 529 3417 bellum
549 3375 575 3417 et
593 3375 623 3417 ut
642 3367 726 3419 fortes
746 3377 836 3419 essent
853 3369 957 3418 monuit
974 3369 1050 3435 equis
1070 3369 1187 3419 incitatis
1206 3369 1361 3433 proficisco-

262 3436 340 3489 batur
364 3444 457 3487 coutra
484 3452 547 3489 eos:
575 3437 617 3488 illi
642 3446 730 3489 autem
756 3440 783 3489 in
802 3448 922 3505 tempore
941 3441 1098 3509 resistentes
1118 3448 1144 3489 et
1162 3454 1278 3508 pugnarn
1297 3456 1363 3491 con-

262 3517 384 3561 serentes
405 3516 432 3558 et
449 3508 482 3559 ad
501 3508 681 3560 fortitudinem
703 3512 851 3562 excitantes
870 3526 916 3573 se,
942 3526 1000 3560 curn
1022 3510 1117 3562 Graeci
1137 3511 1171 3562 iis
1190 3512 1323 3562 instarent
1341 3517 1363 3560 et

248 3578 360 3641 multos
388 3579 583 3643 interficerent,
608 3581 635 3631 in
662 3581 751 3649 lugam
770 3581 816 3632 vel
836 3582 913 3632 inviti
933 3580 1103 3634 inclinarunt.
1143 3590 1246 3632 etcum
1268 3598 1362 3649 persc-

262 3651 334 3701 cutio
361 3650 440 3704 valde
465 3652 542 3703 fieret
567 3652 642 3703 multi
667 3652 825 3719 Scytharum
852 3653 1021 3704 ceciderunt:
1046 3652 1142 3705 deinde
1161 3654 1241 3711 etiam
1260 3656 1364 3722 agmina

261 3719 355 3771 horum
370 3722 447 3775 simul
466 3732 558 3775 contra
575 3723 683 3775 ultimos
702 3724 785 3776 effusa
805 3732 832 3773 et
844 3724 902 3790 ipsa
916 3725 944 3775 vi
959 3724 1173 3792 aggredientium
1192 3726 1264 3775 victa
1287 3732 1362 3777 sunt:

262 3798 289 3840 et
313 3805 403 3843 omnes
428 3793 505 3845 simul
532 3794 604 3862 pulsi
632 3804 693 3847 sunt
719 3810 803 3863 usque
823 3796 856 3847 ud
875 3794 1034 3846 Rentuhium
1063 3794 1179 3849 collect„-
1207 3803 1287 3864 atque
1313 3796 1362 3847 nisi

259 3860 292 3911 ad
311 3861 394 3944 silyas
407 3872 441 3935 ¹et
465 3865 551 3918 valles
572 3867 767 3934 confugissent,
787 3867 934 3919 iacuisscnt
952 3882 1046 3918 omues
1067 3866 1166 3918 Graeci
1193 3866 1278 3934 gladii
1302 3866 1362 3919 facti

261 3946 410 3999 opsonium.
1033 3962 1036 3965 ·

360 4019 417 4071 lloc
437 4014 525 4074 autem
549 4026 628 4077 modo
654 4042 714 4077 curn
734 4028 889 4094 superiores
905 4026 973 4078 iacti
995 4033 1086 4080 essent
1105 4026 1217 4091 Graeci,
1245 4034 1362 4095 tempore

259 4088 350 4159 aliquo
375 4100 436 4159 post
459 4092 527 4145 lama
547 4098 674 4162 quaedam
693 4101 826 4164 percurrit
839 4089 952 4164 Scythas
971 4099 1063 4149 dicens
1083 4114 1142 4150 curn
1161 4099 1189 4151 vi
1215 4098 1362 4151 sufficiente

255 4162 379 4227 ,incidere
396 4164 424 4217 iu
434 4164 583 4233 'loplitnum
603 4167 696 4236 (locus
709 4177 798 4221 autem
817 4170 862 4221 hic
879 4185 934 4221 non
949 4163 1074 4237 exiguum
1092 4169 1170 4224 abest
1187 4170 1360 4231 ahAdriano-
