2834 4750
518 251 728 324 memma.
838 221 840 227 ’
1001 216 1004 223 “
1121 239 1176 325 ἰν

63 413 177 498 πέδην·
221 413 276 478 καί
295 408 359 497 γάρ
390 405 430 495 ἦν
453 414 733 499 ἐξεστρατευμένας
763 413 780 478 ό
809 412 897 500 παρά
920 417 1075 497 βασιλέως
1094 419 1179 481 α’πο·

65 515 204 588 σταλείς
225 510 312 594 ’μετά
342 514 408 577 τῶν
436 509 622 594 Ῥωμαϊκῶν
656 517 822 597 δυνάμεων
852 517 899 590 τίς
920 515 1178 598 άντιπαράταξιν.

64 613 129 678 καί
152 612 252 694 πολλά
274 615 395 698 δράσας
416 623 480 690 τοῖς
501 619 676 696 βασιλικοῖς
696 618 923 701 στρατιώταις,
945 621 999 682 καί
1019 614 1178 702 καταπλη.

64 719 127 792 ξας
160 717 199 803 τῇ
219 715 398 803 ἀναπαίστῳ
428 715 542 780 τούτου
573 719 659 803 φορᾷ
689 716 743 785 καί
771 725 837 792 τοῖς
861 717 1076 800 οἶκτιοχτίροις
1099 724 1178 802 πλη.

35 824 146 900 braic
171 813 242 900 (καί
258 814 321 900 γάρ
341 807 433 891 οὗτος
462 818 521 879 ruri
549 817 691 900 πλήθους
713 804 919 901 προσεπολέμει
938 840 971 880 τι
1003 819 1057 881 καί
1080 841 1178 900 προτ-

64 913 248 1000 κινδάυτντ,
271 917 326 980 καί
348 916 406 980 otia
428 908 466 999 ἦν
489 911 525 990 ές
546 918 588 1003 τῷ
600 913 762 1005 ’φασγάνῳ
791 916 905 980 τοάτου
928 916 1178 999 τραυματισθείς

65 1017 107 1080 οὐ
132 1019 180 1106 τῷ
206 1011 316 1102 ἡμίσει
343 1018 400 1080 καί
424 1019 545 1080 πλείονι
575 1014 816 1100 περιερρήμνοτυ
845 1012 986 1096 σμ’ματι·
1036 1016 1179 1095 τοιοῦτσς

65 1114 328 1200 άκαταμοόνιστος
343 1113 399 1180 καί
419 1115 578 1200 σταθηρός
599 1111 800 1199 ἐγινώσκετο,
823 1119 923 1196 μέγας
944 1112 1027 1196 όμοδ
1049 1114 1103 1178 καί
1120 1114 1179 1177 τά·

64 1217 212 1298 ρόνωτος
233 1216 286 1281 καί
305 1214 363 1301 τὴν
386 1209 463 1298 όιμιν
484 1214 622 1300 φοβερός
643 1213 901 1296 καθιστάμενος,
925 1215 983 1280 κάν
1004 1224 1075 1289 ταῖς
1096 1220 1178 1295 βου-

19 1322 143 1394 τολαῖς
176 1320 382 1404 διαφέρων),
412 1320 467 1381 καί
496 1319 701 1399 κατορθῶσαι
729 1312 786 1396 τήν
813 1313 900 1398 νίκην
929 1309 991 1398 ἤδη
1019 1317 1089 1380 τότε
1119 1335 1205 1390 tta-f,
1227 1335 1314 1394 1703,

62 1419 278 1502 ταλτιφθτίς,
308 1422 363 1483 καί
384 1414 471 1501 παρά
491 1420 553 1481 τεόν
579 1414 733 1479 πλείστων
756 1415 906 1483 ἐναντίων
927 1413 1177 1501 ἐπεοφημοόμτ-

63 1541 121 1593 νος
136 1569 145 1602 ,
160 1514 228 1594 ent*
246 1521 328 1582 τέλει
353 1521 417 1583 τῶν
439 1514 571 1599 άμοόνων
591 1519 649 1580 τοῦ
672 1518 770 1578 ἵππου
791 1512 981 1596 αὐτομάτως
1007 1520 1178 1600 κατέρρεο-

62 1645 132 1700 στν,
158 1610 210 1684 οἷα
231 1616 271 1683 τά
296 1620 354 1684 τοῦ
374 1621 456 1683 θεοῦ
478 1621 629 1701 κρίματα,
650 1622 705 1680 καί
727 1615 844 1699 άθιγὴς
865 1613 976 1698 ἔκειτο,
1000 1621 1176 1702 σκαιωρίαν

63 1714 205 1786 εἶναιτὸ
226 1722 358 1802 πρᾶγμα
382 1723 445 1784 τῶν
474 1718 650 1783 ἀντιθέτων
673 1720 827 1796 οἰομένων
854 1720 908 1782 καί
936 1717 1089 1803 σόφισμα.
1133 1717 1178 1794 σός

20 1840 53 1892 15
65 1824 103 1885 δέ
127 1823 370 1905 παρτμυμνοῦτο
389 1817 422 1885 τό
446 1820 572 1904 άληθές,
595 1815 804 1898 ἐκδραμόντες
824 1816 936 1882 πολλοί
953 1818 1177 1901 κτίμενονζαά-

64 1921 125 1988 τόν
149 1924 198 1986 ἐπ’
221 1921 364 2007 ἐδάφους
398 1924 591 2001 κατέλαβον,
631 1921 742 1999 αἵματι
774 1914 947 2002 διάβροχον
972 1919 1027 1980 καί
1048 1920 1177 2008 καιρίαν

65 2021 187 2105 ἔχοντα
207 2021 286 2087 κατά
303 2024 363 2106 ’τῆς
386 2024 536 2106 πλευράς.
562 2021 601 2107 τῇ
612 2016 748 2104 Ιπτοόσει,
758 2023 863 2084 τοίνυν
886 2018 1078 2104 αάτοῦ,’τιόν
1093 2017 1175 2102 άμφ’

67 2121 171 2189 αὐτόν
197 2124 501 2204 διασκεδασθέντων,
525 2123 580 2186 καί
599 2115 813 2203 παλιντρόπου
834 2121 1000 2202 γενομένης
1012 2121 1067 2201 τῆς
1082 2117 1178 2202 νίκης,

68 2225 254 2307 ἐπανῆλθον
286 2220 315 2287 οἱ
345 2225 402 2286 τοῦ
433 2226 589 2305 βασιλέως
618 2223 704 2306 χαρᾷ
738 2222 792 2282 καί
820 2219 910 2304 φόβῳ
941 2209 1176 2301 διηγηματικῶς
1253 2262 1273 2307 ·.

26 2321 299 2407 θθσυνυχόμενοι·
350 2326 393 2412 τῷ
423 2319 637 2409 προτερήματι
666 2317 727 2403 γάρ
760 2316 805 2403 μη
828 2316 1031 2403 ἐπαιρόμενοι
1054 2316 1088 2383 τό
1112 2321 1176 2383 πάν
1212 2319 1224 2339 “

70 2426 110 2511 τῇ
132 2429 209 2513 θείη
231 2428 319 2514 δεξιᾷ
343 2427 567 2511 ἐπεγράφοντο.

180 2526 409 2611 Θριαμβτόσας
430 2524 498 2593 did
519 2526 577 2609 τὴν
598 2524 769 2607 ἡγεμονίαν
783 2513 935 2608 ’ἐσχηκώς
959 2522 1015 2587 τοῦ
1036 2525 1177 2604 πολέμου

146 2720 172 2775 9.
192 2719 348 2794 centauros
369 2721 399 2776 G.
499 2722 540 2775 10.
560 2720 757 2793 δποληφθεὶςί
865 2720 907 2773 18.
929 2719 1176 2779 διασκιδασθέντα

148 2791 178 2846 0.
201 2794 319 2845 correxit
333 2792 475 2846 Bruuetus.

71 2957 221 3023 spertinum
241 2964 344 3025 tempus
364 2956 520 3027 aggreditur
538 2957 651 3008 maxima
670 2956 747 3024 regia
765 2965 868 3020 castra3
889 2956 986 3007 etenim
1005 2964 1062 3006 erat
1079 2971 1174 3025 egres.

70 3044 115 3080 sus
136 3030 233 3097 regius
257 3028 362 3096 legatus
389 3046 447 3079 eum
465 3028 643 3080 Romanorum
663 3028 766 3089 viribus
791 3028 824 3079 ud
844 3027 1040 3093 oppositionem
1060 3035 1086 3077 et
1104 3027 1174 3079 mui-

70 3106 124 3149 tum
153 3099 289 3152 facessens
313 3101 397 3169 regiis
420 3100 550 3151 militibus
566 3107 608 3150 .et
638 3107 742 3150 terreus
768 3096 933 3148 intolerabiii
957 3098 985 3147 vi
1014 3105 1041 3147 et
1060 3096 1175 3163 propriis

69 3170 183 3236 ictibus,
211 3172 309 3222 etenim
337 3172 381 3223 hie
410 3186 459 3239 pro
479 3171 646 3222 multitudiue
673 3168 808 3238 pugnabat
838 3176 864 3219 et
892 3166 1013 3235 pericula
1030 3165 1177 3219 sustinebat

69 3256 159 3311 neque
178 3245 315 3311 quisquam
335 3249 404 3309 erat,
430 3245 476 3311 qui
495 3242 584 3311 gladio
616 3241 694 3293 huius
721 3240 875 3292 vulneratus
893 3253 947 3289 non
965 3239 1052 3290 medio
1072 3248 1098 3290 et
1115 3238 1175 3307 plus

72 3313 241 3381 frangeretur
256 3328 380 3381 corpure,
400 3315 461 3367 talis
480 3314 621 3365 indomitus
642 3323 668 3363 et
688 3314 811 3364 immotus
830 3308 986 3375 habebatur,
1005 3326 1116 3378 magnus
1135 3312 1174 3362 si.

71 3384 125 3435 mul
146 3394 172 3437 et
189 3386 303 3437 latorum
319 3388 503 3449 humerorum,
525 3392 551 3436 et
569 3386 595 3435 in
616 3392 761 3451 conspectu
779 3382 909 3436 terribilis
928 3385 1055 3445 existens,
1077 3391 1104 3433 et
1121 3396 1174 3434 νο.

71 3456 175 3508 luntute
195 3458 329 3522 differens,
351 3466 377 3509 et
399 3460 430 3510 ad
451 3458 635 3525 reportandam
654 3457 793 3508 uictoriam
816 3457 867 3507 iam
885 3463 939 3506 tum
960 3453 1088 3515 relictus,
1114 3460 1174 3505 eta

71 3526 192 3592 plurimis
218 3527 337 3583 hostibus
362 3529 502 3581 laudatus:
534 3530 561 3579 in
585 3529 638 3579 tine
663 3529 834 3581 certaminum
861 3542 894 3576 ex
914 3540 982 3592 equo
1001 3524 1059 3589 ipse
1078 3538 1126 3589 per
1144 3538 1174 3573 se

71 3599 178 3663 decidit,
196 3598 287 3668 qualia
305 3608 366 3653 sunt
383 3602 425 3651 dei
447 3598 564 3662 iudicia,
590 3607 617 3649 et
634 3600 758 3650 immotus
776 3598 891 3659 iacebat,
918 3610 976 3646 cum
1004 3593 1093 3644 dolum
1115 3606 1174 3643 esse

70 3685 124 3723 rem
154 3670 300 3722 adversarii
319 3678 443 3739 putarent
462 3678 488 3720 et
508 3672 656 3721 artificium.
695 3685 753 3721 eum
774 3674 861 3743 autem
880 3667 1053 3733 detegeretur
1070 3679 1173 3731 verum,

72 3752 240 3796 accurrentes
252 3743 330 3794 multi
347 3745 478 3793 iacentem
499 3756 557 3792 eum
571 3740 642 3792 humi
663 3742 826 3792 invenerunt
845 3738 976 3804 sanguine
997 3736 1125 3787 madidum
1147 3744 1175 3786 et

71 3813 167 3868 uulnus
191 3814 325 3866 letiferum
338 3814 480 3882 habentem
499 3812 526 3861 in
544 3813 645 3863 latere:
667 3826 730 3863 casu
749 3812 831 3877 igitur
851 3810 907 3858 eius
926 3824 984 3858 cum
1002 3809 1047 3875 qui
1065 3824 1080 3858 a
1098 3813 1174 3873 parte

73 3886 126 3938 eius
140 3886 243 3938 stabant
254 3886 456 3953 dissiparentur,
471 3891 498 3933 et
514 3892 716 3951 retorqueretur
734 3880 858 3944 victoria,
871 3879 1008 3931 redierunt
1022 3880 1090 3947 regii
1104 3895 1172 3948 gau.

72 3955 113 4005 dio
133 3967 160 4010 et
177 3966 249 4008 metu
268 3958 296 4008 in
307 3959 460 4009 narratione
474 3956 557 4019 capti:
578 3956 692 4006 victoria
713 3954 782 4003 enim
795 3966 849 4019 nun
870 3950 932 4003 elati
953 3967 1008 4002 rem
1020 3952 1173 4003 universam

72 4027 178 4081 diuinae
197 4029 306 4080 dextrae
326 4026 513 4080 attribuebant.
913 4077 919 4085 N

169 4100 342 4168 Triumphans
370 4108 457 4151 autem
482 4098 527 4167 qui
554 4096 691 4164 imperium
724 4093 852 4147 habuerat
874 4095 940 4146 belii
964 4094 1173 4163 sebastophorus

74 4170 219 4241 Stephanus
237 4188 286 4240 per
306 4172 392 4225 iorum
406 4172 505 4241 primos
524 4170 641 4223 honores
662 4168 732 4236 apud
751 4182 842 4237 regem
860 4167 944 4220 multo
958 4167 1173 4237 cumspleudore
1229 4237 1232 4241 ι
1255 4230 1264 4250 ζ
