<?xml version="1.0" encoding="UTF-8"?>
<!DOCTYPE html PUBLIC "-//W3C//DTD XHTML 1.0 Transitional//EN"
    "http://www.w3.org/TR/xhtml1/DTD/xhtml1-transitional.dtd">
<html xmlns="http://www.w3.org/1999/xhtml" xml:lang="en" lang="en">
 <head>
  <title>
</title>
<meta http-equiv="Content-Type" content="text/html;charset=utf-8" />
  <meta name='ocr-system' content='tesseract 3.04.00' />
  <meta name='ocr-capabilities' content='ocr_page ocr_carea ocr_par ocr_line ocrx_word'/>
</head>
<body>
  <div class='ocr_page' id='page_1' title='image "./corpusscriptoru24theogoog/corpusscriptoru24theogoog_0284.png"; bbox 0 0 2834 4750; ppageno 0'>
   <div class='ocr_carea' id='block_1_1' title="bbox 219 321 1036 407">
    <p class='ocr_par' dir='ltr' id='par_1_1' title="bbox 219 321 1036 407">
     <span class='ocr_line' id='line_1_1' title="bbox 219 321 1036 407; baseline -0.018 0"><span class='ocrx_word' id='word_1_1' title='bbox 219 325 294 407; x_wconf 77' lang='lat' dir='ltr'><strong><em>stt</em></strong></span> <span class='ocrx_word' id='word_1_2' title='bbox 525 324 748 402; x_wconf 78' lang='lat' dir='ltr'><strong>mensuum</strong></span> <span class='ocrx_word' id='word_1_3' title='bbox 775 321 1036 395; x_wconf 70' lang='lat' dir='ltr'><strong>amarioris</strong></span> 
     </span>
    </p>
   </div>
   <div class='ocr_carea' id='block_1_2' title="bbox 112 491 1394 1991">
    <p class='ocr_par' dir='ltr' id='par_1_2' title="bbox 112 491 1394 1991">
     <span class='ocr_line' id='line_1_2' title="bbox 221 491 1337 585; baseline -0.014 -13"><span class='ocrx_word' id='word_1_4' title='bbox 221 504 375 574; x_wconf 71' lang='grc' dir='ltr'><strong><em>εἰσελθών</em></strong></span> <span class='ocrx_word' id='word_1_5' title='bbox 403 505 448 578; x_wconf 81' lang='grc' dir='ltr'><strong><em>εἰς</em></strong></span> <span class='ocrx_word' id='word_1_6' title='bbox 479 501 537 585; x_wconf 75' lang='grc' dir='ltr'><strong><em>την</em></strong></span> <span class='ocrx_word' id='word_1_7' title='bbox 564 499 823 581; x_wconf 77' lang='grc' dir='ltr'><strong><em>βασιλεύουσαν,</em></strong></span> <span class='ocrx_word' id='word_1_8' title='bbox 854 499 916 582; x_wconf 89' lang='grc' dir='ltr'><strong><em>πρὸ</em></strong></span> <span class='ocrx_word' id='word_1_9' title='bbox 947 500 1004 561; x_wconf 84' lang='grc' dir='ltr'><strong><em>τού</em></strong></span> <span class='ocrx_word' id='word_1_10' title='bbox 1025 496 1080 579; x_wconf 73' lang='grc' dir='ltr'><strong><em>τὴν</em></strong></span> <span class='ocrx_word' id='word_1_11' title='bbox 1115 495 1205 560; x_wconf 88' lang='grc' dir='ltr'><strong><em>ίδιάν</em></strong></span> <span class='ocrx_word' id='word_1_12' title='bbox 1227 491 1337 559; x_wconf 80' lang='grc' dir='ltr'><strong><em>οἰκίαν</em></strong></span> 
     </span>
     <span class='ocr_line' id='line_1_3' title="bbox 221 595 1336 686; baseline -0.018 -15"><span class='ocrx_word' id='word_1_13' title='bbox 221 607 410 685; x_wconf 76' lang='grc' dir='ltr'><strong><em>καταλαβεῖν</em></strong></span> <span class='ocrx_word' id='word_1_14' title='bbox 440 603 605 686; x_wconf 77' lang='grc' dir='ltr'><strong><em>παρῆλθον</em></strong></span> <span class='ocrx_word' id='word_1_15' title='bbox 627 601 673 677; x_wconf 83' lang='grc' dir='ltr'><strong><em>είς</em></strong></span> <span class='ocrx_word' id='word_1_16' title='bbox 695 600 733 663; x_wconf 86' lang='grc' dir='ltr'><strong><em>τύ</em></strong></span> <span class='ocrx_word' id='word_1_17' title='bbox 755 603 922 681; x_wconf 86' lang='grc' dir='ltr'><strong><em>βασίλεια,</em></strong></span> <span class='ocrx_word' id='word_1_18' title='bbox 943 595 998 663; x_wconf 82' lang='grc' dir='ltr'><strong><em>καί</em></strong></span> <span class='ocrx_word' id='word_1_19' title='bbox 1030 598 1073 683; x_wconf 76' lang='grc' dir='ltr'><strong><em>τῷ</em></strong></span> <span class='ocrx_word' id='word_1_20' title='bbox 1093 599 1248 680; x_wconf 53' lang='lat' dir='ltr'><strong>loyseau</strong></span> <span class='ocrx_word' id='word_1_21' title='bbox 1271 598 1336 660; x_wconf 89' lang='grc' dir='ltr'><strong><em>Νι.</em></strong></span> 
     </span>
     <span class='ocr_line' id='line_1_4' title="bbox 220 690 1335 792; baseline -0.011 -23"><span class='ocrx_word' id='word_1_22' title='bbox 220 704 349 792; x_wconf 73' lang='grc' dir='ltr'><strong><em>αηφύριρ</em></strong></span> <span class='ocrx_word' id='word_1_23' title='bbox 379 701 458 786; x_wconf 84' lang='grc' dir='ltr'><strong><em>πρδς</em></strong></span> <span class='ocrx_word' id='word_1_24' title='bbox 488 698 599 783; x_wconf 81' lang='grc' dir='ltr'><strong><em>λόγους</em></strong></span> <span class='ocrx_word' id='word_1_25' title='bbox 616 696 727 762; x_wconf 78' lang='grc' dir='ltr'><strong><em>ε’λδάν</em></strong></span> <span class='ocrx_word' id='word_1_26' title='bbox 746 700 846 764; x_wconf 82' lang='grc' dir='ltr'><strong><em>πάντα</em></strong></span> <span class='ocrx_word' id='word_1_27' title='bbox 867 698 907 763; x_wconf 86' lang='grc' dir='ltr'><strong><em>τύ</em></strong></span> <span class='ocrx_word' id='word_1_28' title='bbox 933 700 1164 780; x_wconf 68' lang='grc' dir='ltr'><strong><em>συνενεχθέντα</em></strong></span> <span class='ocrx_word' id='word_1_29' title='bbox 1185 690 1335 778; x_wconf 75' lang='grc' dir='ltr'><strong><em>προσήγ-</em></strong></span> 
     </span>
     <span class='ocr_line' id='line_1_5' title="bbox 167 789 1333 892; baseline -0.012 -22"><span class='ocrx_word' id='word_1_30' title='bbox 167 837 173 844; x_wconf 88' lang='grc'><em>·</em></span> <span class='ocrx_word' id='word_1_31' title='bbox 219 810 319 892; x_wconf 72' lang='grc' dir='ltr'><strong><em>γειλα,</em></strong></span> <span class='ocrx_word' id='word_1_32' title='bbox 344 807 399 868; x_wconf 79' lang='grc' dir='ltr'><strong><em>καί</em></strong></span> <span class='ocrx_word' id='word_1_33' title='bbox 419 804 455 866; x_wconf 86' lang='grc' dir='ltr'><strong><em>τὸ</em></strong></span> <span class='ocrx_word' id='word_1_34' title='bbox 475 804 618 884; x_wconf 76' lang='grc' dir='ltr'><strong><em>ποιητέον</em></strong></span> <span class='ocrx_word' id='word_1_35' title='bbox 642 798 732 886; x_wconf 72' lang='grc' dir='ltr'><strong><em>αύτρῖ</em></strong></span> <span class='ocrx_word' id='word_1_36' title='bbox 753 802 999 882; x_wconf 87' lang='grc' dir='ltr'><strong><em>συνεβούλευσα,</em></strong></span> <span class='ocrx_word' id='word_1_37' title='bbox 1023 797 1077 861; x_wconf 80' lang='grc' dir='ltr'><strong><em>καί</em></strong></span> <span class='ocrx_word' id='word_1_38' title='bbox 1095 796 1140 871; x_wconf 79' lang='grc' dir='ltr'><strong><em>ἀς</em></strong></span> <span class='ocrx_word' id='word_1_39' title='bbox 1162 789 1214 859; x_wconf 81' lang='grc' dir='ltr'><strong><em>ὅτι</em></strong></span> <span class='ocrx_word' id='word_1_40' title='bbox 1234 794 1333 874; x_wconf 84' lang='grc' dir='ltr'><strong><em>τάχι-</em></strong></span> 
     </span>
     <span class='ocr_line' id='line_1_6' title="bbox 221 895 1357 991; baseline -0.017 -19"><span class='ocrx_word' id='word_1_41' title='bbox 221 929 283 972; x_wconf 85' lang='grc' dir='ltr'><strong><em>στα</em></strong></span> <span class='ocrx_word' id='word_1_42' title='bbox 305 902 369 991; x_wconf 76' lang='grc' dir='ltr'><strong><em>χρῆ</em></strong></span> <span class='ocrx_word' id='word_1_43' title='bbox 391 903 446 987; x_wconf 79' lang='grc' dir='ltr'><strong><em>τήν</em></strong></span> <span class='ocrx_word' id='word_1_44' title='bbox 468 925 501 967; x_wconf 88' lang='grc' dir='ltr'><strong><em>τε</em></strong></span> <span class='ocrx_word' id='word_1_45' title='bbox 523 897 711 966; x_wconf 85' lang='grc' dir='ltr'><strong><em>Ῥαιδεστδν</em></strong></span> <span class='ocrx_word' id='word_1_46' title='bbox 742 899 969 987; x_wconf 80' lang='grc' dir='ltr'><strong><em>χρυσοβούλλρ</em></strong></span> <span class='ocrx_word' id='word_1_47' title='bbox 1002 899 1083 984; x_wconf 74' lang='grc' dir='ltr'><strong><em>λόγῳ</em></strong></span> <span class='ocrx_word' id='word_1_48' title='bbox 1104 895 1357 974; x_wconf 70' lang='grc' dir='ltr'><strong><em>κατανυιμίσαις,</em></strong></span> 
     </span>
     <span class='ocr_line' id='line_1_7' title="bbox 219 989 1330 1091; baseline -0.014 -21"><span class='ocrx_word' id='word_1_49' title='bbox 219 1007 275 1071; x_wconf 80' lang='grc' dir='ltr'><strong><em>ταί</em></strong></span> <span class='ocrx_word' id='word_1_50' title='bbox 296 999 540 1091; x_wconf 73' lang='grc' dir='ltr'><strong><em>φιλανθρώποις</em></strong></span> <span class='ocrx_word' id='word_1_51' title='bbox 573 999 755 1080; x_wconf 80' lang='grc' dir='ltr'><strong><em>δεξιώσεσιν</em></strong></span> <span class='ocrx_word' id='word_1_52' title='bbox 786 1000 1030 1083; x_wconf 75' lang='grc' dir='ltr'><strong><em>οἰκειώσασθαι,</em></strong></span> <span class='ocrx_word' id='word_1_53' title='bbox 1059 997 1115 1060; x_wconf 85' lang='grc' dir='ltr'><strong><em>καί</em></strong></span> <span class='ocrx_word' id='word_1_54' title='bbox 1149 991 1210 1068; x_wconf 85' lang='grc' dir='ltr'><strong><em>τάς</em></strong></span> <span class='ocrx_word' id='word_1_55' title='bbox 1233 989 1330 1068; x_wconf 81' lang='grc' dir='ltr'><strong><em>ἀλλος</em></strong></span> 
     </span>
     <span class='ocr_line' id='line_1_8' title="bbox 218 1096 1329 1184; baseline -0.014 -14"><span class='ocrx_word' id='word_1_56' title='bbox 218 1105 326 1180; x_wconf 85' lang='grc' dir='ltr'><strong><em>πόλεις</em></strong></span> <span class='ocrx_word' id='word_1_57' title='bbox 348 1103 511 1184; x_wconf 81' lang='grc' dir='ltr'><strong><em>τδσαύτως,</em></strong></span> <span class='ocrx_word' id='word_1_58' title='bbox 531 1104 586 1165; x_wconf 83' lang='grc' dir='ltr'><strong><em>καί</em></strong></span> <span class='ocrx_word' id='word_1_59' title='bbox 607 1096 642 1164; x_wconf 85' lang='grc' dir='ltr'><strong><em>τὸ</em></strong></span> <span class='ocrx_word' id='word_1_60' title='bbox 660 1097 892 1183; x_wconf 80' lang='grc' dir='ltr'><strong><em>στρατιωτικὸν</em></strong></span> <span class='ocrx_word' id='word_1_61' title='bbox 912 1097 943 1175; x_wconf 77' lang='grc' dir='ltr'><strong><em>ἒς</em></strong></span> <span class='ocrx_word' id='word_1_62' title='bbox 963 1097 1079 1164; x_wconf 86' lang='grc' dir='ltr'><strong><em>ταύτὸν</em></strong></span> <span class='ocrx_word' id='word_1_63' title='bbox 1100 1099 1329 1179; x_wconf 70' lang='grc' dir='ltr'><strong><em>συναθροίσειν,</em></strong></span> 
     </span>
     <span class='ocr_line' id='line_1_9' title="bbox 220 1188 1331 1287; baseline -0.012 -18"><span class='ocrx_word' id='word_1_64' title='bbox 220 1209 275 1269; x_wconf 84' lang='grc' dir='ltr'><strong><em>ταί</em></strong></span> <span class='ocrx_word' id='word_1_65' title='bbox 294 1205 481 1287; x_wconf 78' lang='grc' dir='ltr'><strong><em>παραλῦσαι</em></strong></span> <span class='ocrx_word' id='word_1_66' title='bbox 501 1200 558 1285; x_wconf 76' lang='grc' dir='ltr'><strong><em>τὴν</em></strong></span> <span class='ocrx_word' id='word_1_67' title='bbox 578 1205 640 1266; x_wconf 77' lang='grc' dir='ltr'><strong><em>τῶν</em></strong></span> <span class='ocrx_word' id='word_1_68' title='bbox 663 1205 819 1265; x_wconf 84' lang='grc' dir='ltr'><strong><em>πλείστων</em></strong></span> <span class='ocrx_word' id='word_1_69' title='bbox 841 1200 927 1284; x_wconf 77' lang='grc' dir='ltr'><strong><em>πρὸς</em></strong></span> <span class='ocrx_word' id='word_1_70' title='bbox 947 1198 1003 1264; x_wconf 86' lang='grc' dir='ltr'><strong><em>τὸν</em></strong></span> <span class='ocrx_word' id='word_1_71' title='bbox 1024 1195 1209 1279; x_wconf 73' lang='grc' dir='ltr'><strong><em>ἀποστάτην</em></strong></span> <span class='ocrx_word' id='word_1_72' title='bbox 1229 1188 1331 1258; x_wconf 87' lang='grc' dir='ltr'><strong><em>συνύ-</em></strong></span> 
     </span>
     <span class='ocr_line' id='line_1_10' title="bbox 217 1290 1394 1390; baseline -0.014 -20"><span class='ocrx_word' id='word_1_73' title='bbox 217 1308 363 1390; x_wconf 64' lang='lat' dir='ltr'><strong>doctum·</strong></span> <span class='ocrx_word' id='word_1_74' title='bbox 408 1296 494 1388; x_wconf 83' lang='grc' dir='ltr'><strong><em>ἀπῆν</em></strong></span> <span class='ocrx_word' id='word_1_75' title='bbox 515 1301 575 1387; x_wconf 79' lang='grc' dir='ltr'><strong><em>γὰρ</em></strong></span> <span class='ocrx_word' id='word_1_76' title='bbox 598 1299 644 1365; x_wconf 82' lang='grc' dir='ltr'><strong><em>ἔτι</em></strong></span> <span class='ocrx_word' id='word_1_77' title='bbox 661 1303 715 1384; x_wconf 81' lang='grc' dir='ltr'><strong><em>τῆς</em></strong></span> <span class='ocrx_word' id='word_1_78' title='bbox 733 1296 1028 1382; x_wconf 80' lang='grc' dir='ltr'><strong><em>Ἀδριανουπύλεως</em></strong></span> <span class='ocrx_word' id='word_1_79' title='bbox 1050 1299 1090 1362; x_wconf 89' lang='grc' dir='ltr'><strong><em>ού</em></strong></span> <span class='ocrx_word' id='word_1_80' title='bbox 1106 1296 1230 1379; x_wconf 71' lang='grc' dir='ltr'><strong><em>μικρὸν</em></strong></span> <span class='ocrx_word' id='word_1_81' title='bbox 1251 1290 1330 1358; x_wconf 77' lang='grc' dir='ltr'><strong><em>ἀπο·</em></strong></span> <span class='ocrx_word' id='word_1_82' title='bbox 1390 1305 1394 1309; x_wconf 85' lang='grc'><strong>’</strong></span> 
     </span>
     <span class='ocr_line' id='line_1_11' title="bbox 112 1383 1367 1491; baseline -0.013 -20"><span class='ocrx_word' id='word_1_83' title='bbox 112 1383 119 1400; x_wconf 53' lang='grc'><em>’</em></span> <span class='ocrx_word' id='word_1_84' title='bbox 218 1409 286 1486; x_wconf 76' lang='grc' dir='ltr'><strong><em>θεν,</em></strong></span> <span class='ocrx_word' id='word_1_85' title='bbox 308 1397 359 1469; x_wconf 79' lang='grc' dir='ltr'><strong><em>ὅτε</em></strong></span> <span class='ocrx_word' id='word_1_86' title='bbox 381 1406 436 1468; x_wconf 84' lang='grc' dir='ltr'><strong><em>καί</em></strong></span> <span class='ocrx_word' id='word_1_87' title='bbox 459 1403 502 1491; x_wconf 75' lang='grc' dir='ltr'><strong><em>τῷ</em></strong></span> <span class='ocrx_word' id='word_1_88' title='bbox 523 1403 701 1488; x_wconf 81' lang='grc' dir='ltr'><strong><em>Βασιλάκη,</em></strong></span> <span class='ocrx_word' id='word_1_89' title='bbox 724 1403 769 1489; x_wconf 81' lang='grc' dir='ltr'><strong><em>τῷ</em></strong></span> <span class='ocrx_word' id='word_1_90' title='bbox 792 1401 1000 1466; x_wconf 74' lang='grc' dir='ltr'><strong><em>ἀποσταλέντι</em></strong></span> <span class='ocrx_word' id='word_1_91' title='bbox 1027 1402 1093 1481; x_wconf 89' lang='grc' dir='ltr'><strong><em>μετ’</em></strong></span> <span class='ocrx_word' id='word_1_92' title='bbox 1117 1394 1220 1461; x_wconf 87' lang='grc' dir='ltr'><strong><em>αύτδν</em></strong></span> <span class='ocrx_word' id='word_1_93' title='bbox 1240 1395 1367 1466; x_wconf 71' lang='lat' dir='ltr'><strong>ductim</strong></span> 
     </span>
     <span class='ocr_line' id='line_1_12' title="bbox 219 1494 1330 1589; baseline -0.011 -19"><span class='ocrx_word' id='word_1_94' title='bbox 219 1507 427 1589; x_wconf 81' lang='grc' dir='ltr'><strong><em>Δυρραχίου,</em></strong></span> <span class='ocrx_word' id='word_1_95' title='bbox 460 1499 655 1586; x_wconf 74' lang='grc' dir='ltr'><strong><em>παρατυχών</em></strong></span> <span class='ocrx_word' id='word_1_96' title='bbox 684 1500 772 1579; x_wconf 81' lang='grc' dir='ltr'><strong><em>ἐντὸς</em></strong></span> <span class='ocrx_word' id='word_1_97' title='bbox 792 1505 850 1566; x_wconf 85' lang='grc' dir='ltr'><strong><em>τού</em></strong></span> <span class='ocrx_word' id='word_1_98' title='bbox 881 1494 990 1578; x_wconf 82' lang='grc' dir='ltr'><strong><em>ἀστεος</em></strong></span> <span class='ocrx_word' id='word_1_99' title='bbox 1011 1505 1068 1584; x_wconf 80' lang='grc' dir='ltr'><strong><em>τῆς</em></strong></span> <span class='ocrx_word' id='word_1_100' title='bbox 1091 1497 1330 1579; x_wconf 74' lang='grc' dir='ltr'><strong><em>Θεσσαλονίκης</em></strong></span> 
     </span>
     <span class='ocr_line' id='line_1_13' title="bbox 219 1598 1331 1688; baseline -0.009 -19"><span class='ocrx_word' id='word_1_101' title='bbox 219 1605 295 1688; x_wconf 85' lang='grc' dir='ltr'><strong><em>περί</em></strong></span> <span class='ocrx_word' id='word_1_102' title='bbox 314 1607 371 1687; x_wconf 79' lang='grc' dir='ltr'><strong><em>τῆς</em></strong></span> <span class='ocrx_word' id='word_1_103' title='bbox 392 1605 496 1687; x_wconf 78' lang='grc' dir='ltr'><strong><em>ἀρχῆς</em></strong></span> <span class='ocrx_word' id='word_1_104' title='bbox 518 1598 760 1688; x_wconf 68' lang='grc' dir='ltr'><strong><em>ἠμφισβήτησε·</em></strong></span> <span class='ocrx_word' id='word_1_105' title='bbox 815 1600 871 1666; x_wconf 87' lang='grc' dir='ltr'><strong><em>καί</em></strong></span> <span class='ocrx_word' id='word_1_106' title='bbox 891 1602 991 1686; x_wconf 82' lang='grc' dir='ltr'><strong><em>εἴπερ·</em></strong></span> <span class='ocrx_word' id='word_1_107' title='bbox 1003 1602 1113 1680; x_wconf 75' lang='grc' dir='ltr'><strong><em>δεξιῶς</em></strong></span> <span class='ocrx_word' id='word_1_108' title='bbox 1134 1607 1203 1671; x_wconf 77' lang='grc' dir='ltr'><strong><em>τοῖς</em></strong></span> <span class='ocrx_word' id='word_1_109' title='bbox 1227 1598 1331 1680; x_wconf 80' lang='grc' dir='ltr'><strong><em>πρύγ·</em></strong></span> 
     </span>
     <span class='ocr_line' id='line_1_14' title="bbox 218 1691 1333 1788; baseline -0.008 -19"><span class='ocrx_word' id='word_1_110' title='bbox 218 1726 318 1787; x_wconf 85' lang='grc' dir='ltr'><strong><em>μασιν</em></strong></span> <span class='ocrx_word' id='word_1_111' title='bbox 333 1700 558 1778; x_wconf 64' lang='lat' dir='ltr'><strong>inauratam</strong></span> <span class='ocrx_word' id='word_1_112' title='bbox 576 1705 618 1788; x_wconf 78' lang='grc' dir='ltr'><strong><em>τῷ</em></strong></span> <span class='ocrx_word' id='word_1_113' title='bbox 638 1701 707 1769; x_wconf 86' lang='grc' dir='ltr'><strong><em>τότε</em></strong></span> <span class='ocrx_word' id='word_1_114' title='bbox 730 1699 898 1787; x_wconf 74' lang='grc' dir='ltr'><strong><em>ἐχρήσατο,</em></strong></span> <span class='ocrx_word' id='word_1_115' title='bbox 916 1703 1168 1784; x_wconf 76' lang='grc' dir='ltr'><strong><em>κατεπολέμησεν</em></strong></span> <span class='ocrx_word' id='word_1_116' title='bbox 1187 1691 1233 1761; x_wconf 77' lang='grc' dir='ltr'><strong><em>ἀν</em></strong></span> <span class='ocrx_word' id='word_1_117' title='bbox 1253 1701 1333 1762; x_wconf 81' lang='grc' dir='ltr'><strong><em>τού-</em></strong></span> 
     </span>
     <span class='ocr_line' id='line_1_15' title="bbox 218 1797 1332 1891; baseline -0.008 -21"><span class='ocrx_word' id='word_1_118' title='bbox 218 1827 273 1870; x_wconf 85' lang='grc' dir='ltr'><strong><em>του</em></strong></span> <span class='ocrx_word' id='word_1_119' title='bbox 293 1803 329 1869; x_wconf 73' lang='grc' dir='ltr'><strong><em>δν</em></strong></span> <span class='ocrx_word' id='word_1_120' title='bbox 351 1804 438 1891; x_wconf 80' lang='grc' dir='ltr'><strong><em>ἀρχῇ</em></strong></span> <span class='ocrx_word' id='word_1_121' title='bbox 458 1807 514 1888; x_wconf 86' lang='grc' dir='ltr'><strong><em>τῆς</em></strong></span> <span class='ocrx_word' id='word_1_122' title='bbox 534 1802 741 1881; x_wconf 71' lang='grc' dir='ltr'><strong><em>ἀποστάσεως</em></strong></span> <span class='ocrx_word' id='word_1_123' title='bbox 763 1802 951 1871; x_wconf 87' lang='grc' dir='ltr'><strong><em>σαλεύοντα.</em></strong></span> <span class='ocrx_word' id='word_1_124' title='bbox 996 1797 1012 1864; x_wconf 84' lang='grc' dir='ltr'>ὅ</span> <span class='ocrx_word' id='word_1_125' title='bbox 1037 1804 1073 1866; x_wconf 79' lang='grc' dir='ltr'><strong><em>δὲ</em></strong></span> <span class='ocrx_word' id='word_1_126' title='bbox 1095 1804 1275 1887; x_wconf 73' lang='grc' dir='ltr'><strong><em>λογοθὲτης</em></strong></span> <span class='ocrx_word' id='word_1_127' title='bbox 1300 1801 1332 1862; x_wconf 81' lang='grc' dir='ltr'><strong><em>ἐν</em></strong></span> 
     </span>
     <span class='ocr_line' id='line_1_16' title="bbox 169 1900 1365 1991; baseline -0.003 -23"><span class='ocrx_word' id='word_1_128' title='bbox 169 1911 173 1915; x_wconf 81' lang='grc'><strong>’</strong></span> <span class='ocrx_word' id='word_1_129' title='bbox 218 1902 410 1987; x_wconf 76' lang='grc' dir='ltr'><strong><em>μειδιάματι</em></strong></span> <span class='ocrx_word' id='word_1_130' title='bbox 438 1908 624 1985; x_wconf 85' lang='grc' dir='ltr'><strong><em>ποιούμενος</em></strong></span> <span class='ocrx_word' id='word_1_131' title='bbox 660 1903 701 1969; x_wconf 88' lang='grc' dir='ltr'><strong><em>τά</em></strong></span> <span class='ocrx_word' id='word_1_132' title='bbox 730 1907 806 1988; x_wconf 83' lang='grc' dir='ltr'><strong><em>παρ’</em></strong></span> <span class='ocrx_word' id='word_1_133' title='bbox 841 1906 921 1985; x_wconf 74' lang='grc' dir='ltr'><strong><em>ἐμοῦ</em></strong></span> <span class='ocrx_word' id='word_1_134' title='bbox 949 1902 1050 1991; x_wconf 79' lang='grc' dir='ltr'><strong><em>τούτῳ</em></strong></span> <span class='ocrx_word' id='word_1_135' title='bbox 1077 1900 1158 1983; x_wconf 82' lang='grc' dir='ltr'><strong><em>μετὰ</em></strong></span> <span class='ocrx_word' id='word_1_136' title='bbox 1181 1903 1365 1983; x_wconf 74' lang='grc' dir='ltr'><strong><em>σπουδῆςλα</em></strong></span> 
     </span>
    </p>
   </div>
   <div class='ocr_carea' id='block_1_3' title="bbox 123 1999 1332 2089">
    <p class='ocr_par' dir='ltr' id='par_1_3' title="bbox 123 1999 1332 2089">
     <span class='ocr_line' id='line_1_17' title="bbox 123 1999 1332 2089; baseline -0.006 -19"><span class='ocrx_word' id='word_1_137' title='bbox 123 2053 126 2059; x_wconf 90' lang='grc'>-</span> <span class='ocrx_word' id='word_1_138' title='bbox 219 1999 449 2089; x_wconf 77' lang='grc' dir='ltr'><strong><em>τίσηγούμενα,</em></strong></span> <span class='ocrx_word' id='word_1_139' title='bbox 481 2012 713 2089; x_wconf 85' lang='grc' dir='ltr'><strong><em>μετεωρισμοῖς</em></strong></span> <span class='ocrx_word' id='word_1_140' title='bbox 743 2003 811 2070; x_wconf 88' lang='grc' dir='ltr'><strong><em>τισί</em></strong></span> <span class='ocrx_word' id='word_1_141' title='bbox 832 2009 888 2070; x_wconf 84' lang='grc' dir='ltr'><strong><em>καί</em></strong></span> <span class='ocrx_word' id='word_1_142' title='bbox 908 2003 1082 2088; x_wconf 74' lang='grc' dir='ltr'><strong><em>ἀναβολαῖς</em></strong></span> <span class='ocrx_word' id='word_1_143' title='bbox 1104 2001 1143 2067; x_wconf 89' lang='grc' dir='ltr'><strong><em>τοὶ</em></strong></span> <span class='ocrx_word' id='word_1_144' title='bbox 1164 2005 1254 2086; x_wconf 79' lang='grc' dir='ltr'><strong><em>μηδὲ</em></strong></span> <span class='ocrx_word' id='word_1_145' title='bbox 1274 2025 1332 2081; x_wconf 85' lang='grc' dir='ltr'><strong><em>μι-</em></strong></span> 
     </span>
    </p>
   </div>
   <div class='ocr_carea' id='block_1_4' title="bbox 219 2101 1366 2797">
    <p class='ocr_par' dir='ltr' id='par_1_4' title="bbox 219 2101 1366 2797">
     <span class='ocr_line' id='line_1_18' title="bbox 219 2101 1331 2189; baseline 0.001 -23"><span class='ocrx_word' id='word_1_146' title='bbox 219 2109 299 2189; x_wconf 84' lang='grc' dir='ltr'><strong><em>αρᾶς</em></strong></span> <span class='ocrx_word' id='word_1_147' title='bbox 335 2105 538 2189; x_wconf 71' lang='grc' dir='ltr'><strong><em>ὑπερθέσεως</em></strong></span> <span class='ocrx_word' id='word_1_148' title='bbox 581 2105 714 2186; x_wconf 84' lang='grc' dir='ltr'><strong><em>δεόμενα</em></strong></span> <span class='ocrx_word' id='word_1_149' title='bbox 747 2109 999 2188; x_wconf 80' lang='grc' dir='ltr'><strong><em>παραδέδωκεν,</em></strong></span> <span class='ocrx_word' id='word_1_150' title='bbox 1025 2109 1085 2182; x_wconf 81' lang='grc' dir='ltr'><strong><em>ἓως</em></strong></span> <span class='ocrx_word' id='word_1_151' title='bbox 1106 2101 1331 2186; x_wconf 70' lang='grc' dir='ltr'><strong><em>ζτούπάδους</em></strong></span> 
     </span>
     <span class='ocr_line' id='line_1_19' title="bbox 221 2204 1332 2299; baseline 0.002 -31"><span class='ocrx_word' id='word_1_152' title='bbox 221 2208 469 2288; x_wconf 74' lang='grc' dir='ltr'><strong><em>φλεγμαίνοντος</em></strong></span> <span class='ocrx_word' id='word_1_153' title='bbox 500 2206 558 2292; x_wconf 77' lang='grc' dir='ltr'><strong><em>την</em></strong></span> <span class='ocrx_word' id='word_1_154' title='bbox 587 2205 732 2292; x_wconf 81' lang='grc' dir='ltr'><strong><em>ἰατρείαν</em></strong></span> <span class='ocrx_word' id='word_1_155' title='bbox 760 2211 948 2292; x_wconf 82' lang='grc' dir='ltr'><strong><em>ἐπεχείρησε</em></strong></span> <span class='ocrx_word' id='word_1_156' title='bbox 975 2213 1055 2299; x_wconf 81' lang='grc' dir='ltr'><strong><em>μίν,</em></strong></span> <span class='ocrx_word' id='word_1_157' title='bbox 1082 2204 1163 2291; x_wconf 72' lang='grc' dir='ltr'><strong><em>ἔγνω</em></strong></span> <span class='ocrx_word' id='word_1_158' title='bbox 1194 2209 1230 2271; x_wconf 80' lang='grc' dir='ltr'><strong><em>δὲ</em></strong></span> <span class='ocrx_word' id='word_1_159' title='bbox 1269 2204 1332 2287; x_wconf 83' lang='grc' dir='ltr'><strong><em>μά-</em></strong></span> 
     </span>
     <span class='ocr_line' id='line_1_20' title="bbox 221 2295 1329 2396; baseline 0 -28"><span class='ocrx_word' id='word_1_160' title='bbox 221 2327 277 2389; x_wconf 90' lang='grc' dir='ltr'><strong><em>την</em></strong></span> <span class='ocrx_word' id='word_1_161' title='bbox 298 2307 481 2387; x_wconf 71' lang='grc' dir='ltr'><strong><em>παρακινοῦν</em></strong></span> <span class='ocrx_word' id='word_1_162' title='bbox 503 2304 543 2370; x_wconf 84' lang='grc' dir='ltr'><strong><em>τὰ</em></strong></span> <span class='ocrx_word' id='word_1_163' title='bbox 559 2306 700 2391; x_wconf 84' lang='grc' dir='ltr'><strong><em>ἀκίνητα.</em></strong></span> <span class='ocrx_word' id='word_1_164' title='bbox 723 2311 777 2371; x_wconf 87' lang='grc' dir='ltr'><strong><em>ναί</em></strong></span> <span class='ocrx_word' id='word_1_165' title='bbox 797 2305 869 2373; x_wconf 84' lang='grc' dir='ltr'><strong><em>τότε</em></strong></span> <span class='ocrx_word' id='word_1_166' title='bbox 890 2310 986 2374; x_wconf 80' lang='grc' dir='ltr'><strong><em>πάλιν</em></strong></span> <span class='ocrx_word' id='word_1_167' title='bbox 1007 2295 1153 2396; x_wconf 73' lang='grc' dir='ltr'><strong><em>ᾐσθόμην</em></strong></span> <span class='ocrx_word' id='word_1_168' title='bbox 1177 2307 1221 2385; x_wconf 78' lang='grc' dir='ltr'><strong><em>ἀς</em></strong></span> <span class='ocrx_word' id='word_1_169' title='bbox 1245 2309 1329 2394; x_wconf 68' lang='grc' dir='ltr'><strong><em>καλῷ</em></strong></span> 
     </span>
     <span class='ocr_line' id='line_1_21' title="bbox 220 2402 1366 2494; baseline 0 -24"><span class='ocrx_word' id='word_1_170' title='bbox 220 2402 257 2470; x_wconf 75' lang='lat' dir='ltr'><strong>td</strong></span> <span class='ocrx_word' id='word_1_171' title='bbox 280 2402 377 2470; x_wconf 81' lang='grc' dir='ltr'><strong><em>κακόν</em></strong></span> <span class='ocrx_word' id='word_1_172' title='bbox 400 2410 514 2473; x_wconf 74' lang='grc' dir='ltr'><strong><em>ἰᾶσθαι</em></strong></span> <span class='ocrx_word' id='word_1_173' title='bbox 537 2408 634 2492; x_wconf 79' lang='grc' dir='ltr'><strong><em>ἀλίγοι</em></strong></span> <span class='ocrx_word' id='word_1_174' title='bbox 661 2410 725 2473; x_wconf 76' lang='grc' dir='ltr'><strong><em>τῶν</em></strong></span> <span class='ocrx_word' id='word_1_175' title='bbox 748 2412 782 2482; x_wconf 78' lang='grc' dir='ltr'><strong><em>ἐν</em></strong></span> <span class='ocrx_word' id='word_1_176' title='bbox 806 2409 883 2493; x_wconf 75' lang='grc' dir='ltr'><strong><em>ἡμῖν</em></strong></span> <span class='ocrx_word' id='word_1_177' title='bbox 908 2410 1088 2494; x_wconf 76' lang='grc' dir='ltr'><strong><em>ἀνθρώπων</em></strong></span> <span class='ocrx_word' id='word_1_178' title='bbox 1108 2410 1308 2493; x_wconf 73' lang='grc' dir='ltr'><strong><em>δεδύνηνται.</em></strong></span> <span class='ocrx_word' id='word_1_179' title='bbox 1336 2416 1366 2471; x_wconf 80' lang='grc' dir='ltr'><strong><em>λδ</em></strong></span> 
     </span>
     <span class='ocr_line' id='line_1_22' title="bbox 321 2503 1330 2594; baseline 0 -24"><span class='ocrx_word' id='word_1_180' title='bbox 321 2505 524 2588; x_wconf 83' lang='grc' dir='ltr'><strong><em>Καταλαβοόν</em></strong></span> <span class='ocrx_word' id='word_1_181' title='bbox 553 2503 610 2572; x_wconf 75' lang='lat' dir='ltr'><strong>orla</strong></span> <span class='ocrx_word' id='word_1_182' title='bbox 631 2510 676 2583; x_wconf 83' lang='grc' dir='ltr'><strong><em>εἰς</em></strong></span> <span class='ocrx_word' id='word_1_183' title='bbox 700 2510 953 2592; x_wconf 84' lang='grc' dir='ltr'><strong><em>Τραϊανούπολιυ</em></strong></span> <span class='ocrx_word' id='word_1_184' title='bbox 980 2506 1190 2594; x_wconf 83' lang='grc' dir='ltr'><strong><em>δΒρυίννιος</em></strong></span> <span class='ocrx_word' id='word_1_185' title='bbox 1211 2532 1330 2591; x_wconf 90' lang='grc' dir='ltr'><strong><em>συνην-</em></strong></span> 
     </span>
     <span class='ocr_line' id='line_1_23' title="bbox 222 2600 1328 2696; baseline 0.002 -27"><span class='ocrx_word' id='word_1_186' title='bbox 222 2600 306 2688; x_wconf 79' lang='grc' dir='ltr'><strong><em>τὴθη</em></strong></span> <span class='ocrx_word' id='word_1_187' title='bbox 331 2606 418 2690; x_wconf 85' lang='grc' dir='ltr'><strong><em>παρὰ</em></strong></span> <span class='ocrx_word' id='word_1_188' title='bbox 442 2611 500 2670; x_wconf 85' lang='grc' dir='ltr'><strong><em>τού</em></strong></span> <span class='ocrx_word' id='word_1_189' title='bbox 521 2601 665 2694; x_wconf 69' lang='grc' dir='ltr'><strong><em>ἀδελφοῦ</em></strong></span> <span class='ocrx_word' id='word_1_190' title='bbox 695 2614 750 2674; x_wconf 86' lang='grc' dir='ltr'><strong><em>καί</em></strong></span> <span class='ocrx_word' id='word_1_191' title='bbox 768 2611 831 2686; x_wconf 79' lang='grc' dir='ltr'><strong><em>τῶν</em></strong></span> <span class='ocrx_word' id='word_1_192' title='bbox 852 2612 1082 2695; x_wconf 82' lang='grc' dir='ltr'><strong><em>συναραμένων</em></strong></span> <span class='ocrx_word' id='word_1_193' title='bbox 1103 2610 1189 2696; x_wconf 76' lang='grc' dir='ltr'><strong><em>αύτῷ</em></strong></span> <span class='ocrx_word' id='word_1_194' title='bbox 1213 2606 1328 2691; x_wconf 80' lang='grc' dir='ltr'><strong><em>Φρύγ-</em></strong></span> 
     </span>
     <span class='ocr_line' id='line_1_24' title="bbox 219 2707 1330 2797; baseline 0.006 -31"><span class='ocrx_word' id='word_1_195' title='bbox 219 2724 283 2786; x_wconf 79' lang='grc' dir='ltr'><strong><em>γων</em></strong></span> <span class='ocrx_word' id='word_1_196' title='bbox 304 2707 361 2768; x_wconf 81' lang='grc' dir='ltr'><strong><em>ναί</em></strong></span> <span class='ocrx_word' id='word_1_197' title='bbox 381 2708 612 2772; x_wconf 76' lang='grc' dir='ltr'><strong><em>Μακεδονικῶν</em></strong></span> <span class='ocrx_word' id='word_1_198' title='bbox 633 2708 850 2795; x_wconf 76' lang='grc' dir='ltr'><strong><em>παρατάξεων.</em></strong></span> <span class='ocrx_word' id='word_1_199' title='bbox 872 2712 1089 2797; x_wconf 75' lang='grc' dir='ltr'><strong><em>παρήχδησαν</em></strong></span> <span class='ocrx_word' id='word_1_200' title='bbox 1110 2711 1139 2773; x_wconf 88' lang='grc' dir='ltr'><strong><em>δ’</em></strong></span> <span class='ocrx_word' id='word_1_201' title='bbox 1160 2707 1251 2794; x_wconf 77' lang='grc' dir='ltr'><strong><em>αύτῷ</em></strong></span> <span class='ocrx_word' id='word_1_202' title='bbox 1274 2712 1330 2773; x_wconf 80' lang='grc' dir='ltr'><strong><em>καί</em></strong></span> 
     </span>
    </p>
   </div>
   <div class='ocr_carea' id='block_1_5' title="bbox 177 2987 1328 3993">
    <p class='ocr_par' dir='ltr' id='par_1_5' title="bbox 177 2987 1328 3993">
     <span class='ocr_line' id='line_1_25' title="bbox 218 2987 1328 3062; baseline 0.004 -19"><span class='ocrx_word' id='word_1_203' title='bbox 218 2987 315 3043; x_wconf 80' lang='lat' dir='ltr'><strong>urbem</strong></span> <span class='ocrx_word' id='word_1_204' title='bbox 334 2996 476 3059; x_wconf 85' lang='lat' dir='ltr'><strong>antequam</strong></span> <span class='ocrx_word' id='word_1_205' title='bbox 500 3006 585 3043; x_wconf 89' lang='lat' dir='ltr'><strong>meam</strong></span> <span class='ocrx_word' id='word_1_206' title='bbox 602 2993 707 3045; x_wconf 89' lang='lat' dir='ltr'><strong>domum</strong></span> <span class='ocrx_word' id='word_1_207' title='bbox 724 3003 883 3062; x_wconf 83' lang='lat' dir='ltr'><strong>assequutus</strong></span> <span class='ocrx_word' id='word_1_208' title='bbox 908 3010 975 3059; x_wconf 88' lang='lat' dir='ltr'><strong>sum,</strong></span> <span class='ocrx_word' id='word_1_209' title='bbox 994 2995 1098 3047; x_wconf 75' lang='lat' dir='ltr'>accessi</span> <span class='ocrx_word' id='word_1_210' title='bbox 1115 2994 1149 3047; x_wconf 89' lang='lat' dir='ltr'><strong><em>ad</em></strong></span> <span class='ocrx_word' id='word_1_211' title='bbox 1166 2996 1279 3062; x_wconf 74' lang='lat' dir='ltr'><strong>regiam,</strong></span> <span class='ocrx_word' id='word_1_212' title='bbox 1300 3006 1328 3047; x_wconf 86' lang='lat' dir='ltr'><strong><em>et</em></strong></span> 
     </span>
     <span class='ocr_line' id='line_1_26' title="bbox 222 3060 1326 3135; baseline 0.006 -23"><span class='ocrx_word' id='word_1_213' title='bbox 222 3077 282 3113; x_wconf 88' lang='lat' dir='ltr'><strong>cum</strong></span> <span class='ocrx_word' id='word_1_214' title='bbox 300 3060 440 3131; x_wconf 71' lang='lat' dir='ltr'><strong>logotheta</strong></span> <span class='ocrx_word' id='word_1_215' title='bbox 458 3062 611 3132; x_wconf 83' lang='lat' dir='ltr'><strong>Nicephoro</strong></span> <span class='ocrx_word' id='word_1_216' title='bbox 633 3065 784 3118; x_wconf 84' lang='lat' dir='ltr'><strong>collocutus</strong></span> <span class='ocrx_word' id='word_1_217' title='bbox 813 3067 901 3117; x_wconf 88' lang='lat' dir='ltr'><strong>omnin</strong></span> <span class='ocrx_word' id='word_1_218' title='bbox 920 3074 1081 3135; x_wconf 75' lang='lat' dir='ltr'><strong>quaegesta</strong></span> <span class='ocrx_word' id='word_1_219' title='bbox 1098 3075 1174 3119; x_wconf 88' lang='lat' dir='ltr'><strong>eraut</strong></span> <span class='ocrx_word' id='word_1_220' title='bbox 1192 3065 1326 3132; x_wconf 77' lang='lat' dir='ltr'><strong>nuntiari,</strong></span> 
     </span>
     <span class='ocr_line' id='line_1_27' title="bbox 222 3132 1327 3206; baseline 0.005 -23"><span class='ocrx_word' id='word_1_221' title='bbox 222 3132 322 3201; x_wconf 79' lang='lat' dir='ltr'><strong>quidve</strong></span> <span class='ocrx_word' id='word_1_222' title='bbox 347 3133 499 3185; x_wconf 88' lang='lat' dir='ltr'><strong>laciendum</strong></span> <span class='ocrx_word' id='word_1_223' title='bbox 527 3144 599 3187; x_wconf 85' lang='lat' dir='ltr'><strong>esset</strong></span> <span class='ocrx_word' id='word_1_224' title='bbox 628 3138 653 3187; x_wconf 89' lang='lat' dir='ltr'><strong><em>ei</em></strong></span> <span class='ocrx_word' id='word_1_225' title='bbox 672 3139 811 3203; x_wconf 79' lang='lat' dir='ltr'>persuasi,</span> <span class='ocrx_word' id='word_1_226' title='bbox 838 3145 918 3206; x_wconf 86' lang='lat' dir='ltr'><strong>atque</strong></span> <span class='ocrx_word' id='word_1_227' title='bbox 939 3152 1017 3205; x_wconf 87' lang='lat' dir='ltr'><strong>qnam</strong></span> <span class='ocrx_word' id='word_1_228' title='bbox 1038 3138 1180 3191; x_wconf 79' lang='lat' dir='ltr'><strong>celerrime</strong></span> <span class='ocrx_word' id='word_1_229' title='bbox 1199 3146 1327 3205; x_wconf 77' lang='lat' dir='ltr'><strong>oportere</strong></span> 
     </span>
     <span class='ocr_line' id='line_1_28' title="bbox 220 3203 1325 3273; baseline 0.004 -16"><span class='ocrx_word' id='word_1_230' title='bbox 220 3203 383 3257; x_wconf 84' lang='lat' dir='ltr'><strong>llaedestum</strong></span> <span class='ocrx_word' id='word_1_231' title='bbox 407 3206 579 3273; x_wconf 80' lang='lat' dir='ltr'><strong>imperatoria</strong></span> <span class='ocrx_word' id='word_1_232' title='bbox 606 3211 729 3260; x_wconf 86' lang='lat' dir='ltr'><strong>oratioue</strong></span> <span class='ocrx_word' id='word_1_233' title='bbox 753 3209 905 3261; x_wconf 84' lang='lat' dir='ltr'><strong>demulcere</strong></span> <span class='ocrx_word' id='word_1_234' title='bbox 925 3217 952 3260; x_wconf 90' lang='lat' dir='ltr'><strong><em>et</em></strong></span> <span class='ocrx_word' id='word_1_235' title='bbox 976 3209 1095 3263; x_wconf 88' lang='lat' dir='ltr'><strong>humanis</strong></span> <span class='ocrx_word' id='word_1_236' title='bbox 1114 3207 1325 3261; x_wconf 76' lang='lat' dir='ltr'><strong>allocutionibus</strong></span> 
     </span>
     <span class='ocr_line' id='line_1_29' title="bbox 222 3275 1324 3346; baseline 0.002 -20"><span class='ocrx_word' id='word_1_237' title='bbox 222 3275 379 3341; x_wconf 85' lang='lat' dir='ltr'><strong>conciliare,</strong></span> <span class='ocrx_word' id='word_1_238' title='bbox 400 3285 479 3346; x_wconf 88' lang='lat' dir='ltr'><strong>atque</strong></span> <span class='ocrx_word' id='word_1_239' title='bbox 498 3287 601 3330; x_wconf 88' lang='lat' dir='ltr'><strong>ceteras</strong></span> <span class='ocrx_word' id='word_1_240' title='bbox 619 3281 699 3331; x_wconf 92' lang='lat' dir='ltr'><strong>urbes</strong></span> <span class='ocrx_word' id='word_1_241' title='bbox 718 3281 791 3345; x_wconf 88' lang='lat' dir='ltr'><strong>item,</strong></span> <span class='ocrx_word' id='word_1_242' title='bbox 813 3289 839 3332; x_wconf 91' lang='lat' dir='ltr'><strong><em>et</em></strong></span> <span class='ocrx_word' id='word_1_243' title='bbox 858 3282 1003 3332; x_wconf 87' lang='lat' dir='ltr'><strong>exercitum</strong></span> <span class='ocrx_word' id='word_1_244' title='bbox 1021 3283 1049 3333; x_wconf 93' lang='lat' dir='ltr'><strong>in</strong></span> <span class='ocrx_word' id='word_1_245' title='bbox 1068 3295 1147 3331; x_wconf 87' lang='lat' dir='ltr'><strong>unum</strong></span> <span class='ocrx_word' id='word_1_246' title='bbox 1166 3280 1257 3332; x_wconf 89' lang='lat' dir='ltr'><strong>locum</strong></span> <span class='ocrx_word' id='word_1_247' title='bbox 1276 3297 1324 3333; x_wconf 93' lang='lat' dir='ltr'><strong>co.</strong></span> 
     </span>
     <span class='ocr_line' id='line_1_30' title="bbox 221 3347 1324 3418; baseline 0.006 -22"><span class='ocrx_word' id='word_1_248' title='bbox 221 3362 288 3414; x_wconf 76' lang='lat' dir='ltr'><strong>gere</strong></span> <span class='ocrx_word' id='word_1_249' title='bbox 315 3355 342 3398; x_wconf 87' lang='lat' dir='ltr'><strong><em>et</em></strong></span> <span class='ocrx_word' id='word_1_250' title='bbox 355 3347 507 3399; x_wconf 89' lang='lat' dir='ltr'><strong>dissolvere</strong></span> <span class='ocrx_word' id='word_1_251' title='bbox 527 3348 700 3416; x_wconf 89' lang='lat' dir='ltr'><strong>plurimorum</strong></span> <span class='ocrx_word' id='word_1_252' title='bbox 719 3353 752 3403; x_wconf 90' lang='lat' dir='ltr'><strong><em>ad</em></strong></span> <span class='ocrx_word' id='word_1_253' title='bbox 771 3361 916 3418; x_wconf 87' lang='lat' dir='ltr'><strong>apostatam</strong></span> <span class='ocrx_word' id='word_1_254' title='bbox 935 3360 1113 3405; x_wconf 81' lang='lat' dir='ltr'><strong>conventum:</strong></span> <span class='ocrx_word' id='word_1_255' title='bbox 1142 3353 1236 3403; x_wconf 89' lang='lat' dir='ltr'><strong>aberat</strong></span> <span class='ocrx_word' id='word_1_256' title='bbox 1255 3355 1324 3403; x_wconf 87' lang='lat' dir='ltr'><strong>eninr</strong></span> 
     </span>
     <span class='ocr_line' id='line_1_31' title="bbox 222 3418 1323 3491; baseline 0.005 -22"><span class='ocrx_word' id='word_1_257' title='bbox 222 3418 356 3472; x_wconf 81' lang='lat' dir='ltr'><strong>etiamtum</strong></span> <span class='ocrx_word' id='word_1_258' title='bbox 386 3418 418 3471; x_wconf 85' lang='lat' dir='ltr'><strong><em>ab</em></strong></span> <span class='ocrx_word' id='word_1_259' title='bbox 442 3420 619 3487; x_wconf 80' lang='lat' dir='ltr'><strong>Adriauopoli</strong></span> <span class='ocrx_word' id='word_1_260' title='bbox 645 3438 700 3473; x_wconf 92' lang='lat' dir='ltr'><strong><em>non</em></strong></span> <span class='ocrx_word' id='word_1_261' title='bbox 727 3422 844 3489; x_wconf 83' lang='lat' dir='ltr'><strong>paulum,</strong></span> <span class='ocrx_word' id='word_1_262' title='bbox 869 3425 974 3491; x_wconf 86' lang='lat' dir='ltr'><strong>quando</strong></span> <span class='ocrx_word' id='word_1_263' title='bbox 1005 3425 1083 3475; x_wconf 85' lang='lat' dir='ltr'><strong>etiam</strong></span> <span class='ocrx_word' id='word_1_264' title='bbox 1107 3440 1165 3475; x_wconf 91' lang='lat' dir='ltr'><strong>cum</strong></span> <span class='ocrx_word' id='word_1_265' title='bbox 1190 3422 1323 3487; x_wconf 88' lang='lat' dir='ltr'><strong>Basilace,</strong></span> 
     </span>
     <span class='ocr_line' id='line_1_32' title="bbox 222 3490 1323 3559; baseline 0.008 -20"><span class='ocrx_word' id='word_1_266' title='bbox 222 3491 268 3557; x_wconf 90' lang='lat' dir='ltr'><strong>qui</strong></span> <span class='ocrx_word' id='word_1_267' title='bbox 287 3490 319 3542; x_wconf 91' lang='lat' dir='ltr'><strong><em>ad</em></strong></span> <span class='ocrx_word' id='word_1_268' title='bbox 334 3506 392 3541; x_wconf 89' lang='lat' dir='ltr'><strong>eum</strong></span> <span class='ocrx_word' id='word_1_269' title='bbox 402 3491 497 3542; x_wconf 89' lang='lat' dir='ltr'><strong>missus</strong></span> <span class='ocrx_word' id='word_1_270' title='bbox 518 3499 583 3555; x_wconf 87' lang='lat' dir='ltr'><strong>erat,</strong></span> <span class='ocrx_word' id='word_1_271' title='bbox 603 3493 663 3543; x_wconf 89' lang='lat' dir='ltr'><strong>duci</strong></span> <span class='ocrx_word' id='word_1_272' title='bbox 675 3493 836 3559; x_wconf 82' lang='lat' dir='ltr'><strong><em>Dyrrhachii</em></strong></span> <span class='ocrx_word' id='word_1_273' title='bbox 864 3495 1028 3547; x_wconf 88' lang='lat' dir='ltr'><strong>conveniens</strong></span> <span class='ocrx_word' id='word_1_274' title='bbox 1046 3496 1116 3546; x_wconf 89' lang='lat' dir='ltr'><strong>intra</strong></span> <span class='ocrx_word' id='word_1_275' title='bbox 1134 3495 1227 3547; x_wconf 88' lang='lat' dir='ltr'><strong>urbem</strong></span> <span class='ocrx_word' id='word_1_276' title='bbox 1239 3494 1323 3549; x_wconf 87' lang='lat' dir='ltr'><strong>Thes-</strong></span> 
     </span>
     <span class='ocr_line' id='line_1_33' title="bbox 221 3559 1323 3632; baseline 0.005 -19"><span class='ocrx_word' id='word_1_277' title='bbox 221 3559 360 3613; x_wconf 87' lang='lat' dir='ltr'><strong>salonicen</strong></span> <span class='ocrx_word' id='word_1_278' title='bbox 381 3562 413 3613; x_wconf 89' lang='lat' dir='ltr'><strong>de</strong></span> <span class='ocrx_word' id='word_1_279' title='bbox 432 3564 544 3629; x_wconf 88' lang='lat' dir='ltr'><strong>imperio</strong></span> <span class='ocrx_word' id='word_1_280' title='bbox 568 3564 638 3630; x_wconf 87' lang='lat' dir='ltr'><strong>egit:</strong></span> <span class='ocrx_word' id='word_1_281' title='bbox 666 3572 746 3632; x_wconf 88' lang='lat' dir='ltr'><strong>atque</strong></span> <span class='ocrx_word' id='word_1_282' title='bbox 764 3566 788 3615; x_wconf 89' lang='lat' dir='ltr'><strong><em>si</em></strong></span> <span class='ocrx_word' id='word_1_283' title='bbox 811 3566 903 3616; x_wconf 86' lang='lat' dir='ltr'><strong>dextre</strong></span> <span class='ocrx_word' id='word_1_284' title='bbox 922 3566 1001 3619; x_wconf 88' lang='lat' dir='ltr'><strong>rebus</strong></span> <span class='ocrx_word' id='word_1_285' title='bbox 1020 3566 1170 3619; x_wconf 88' lang='lat' dir='ltr'><strong>Basilacius</strong></span> <span class='ocrx_word' id='word_1_286' title='bbox 1190 3576 1245 3619; x_wconf 89' lang='lat' dir='ltr'><strong>tum</strong></span> <span class='ocrx_word' id='word_1_287' title='bbox 1262 3584 1323 3619; x_wconf 89' lang='lat' dir='ltr'><strong>usus</strong></span> 
     </span>
     <span class='ocr_line' id='line_1_34' title="bbox 223 3630 1321 3703; baseline 0.005 -21"><span class='ocrx_word' id='word_1_288' title='bbox 223 3639 309 3697; x_wconf 84' lang='lat' dir='ltr'><strong>esset,</strong></span> <span class='ocrx_word' id='word_1_289' title='bbox 334 3632 498 3687; x_wconf 81' lang='lat' dir='ltr'><strong>debellasset</strong></span> <span class='ocrx_word' id='word_1_290' title='bbox 522 3633 592 3686; x_wconf 91' lang='lat' dir='ltr'><strong>hunc</strong></span> <span class='ocrx_word' id='word_1_291' title='bbox 617 3630 645 3684; x_wconf 84' lang='lat' dir='ltr'><strong>in&#39;</strong></span> <span class='ocrx_word' id='word_1_292' title='bbox 670 3636 803 3703; x_wconf 88' lang='lat' dir='ltr'><strong>principio</strong></span> <span class='ocrx_word' id='word_1_293' title='bbox 829 3637 968 3689; x_wconf 86' lang='lat' dir='ltr'><strong>seditionis</strong></span> <span class='ocrx_word' id='word_1_294' title='bbox 995 3638 1045 3689; x_wconf 88' lang='lat' dir='ltr'><strong>sibi</strong></span> <span class='ocrx_word' id='word_1_295' title='bbox 1073 3652 1128 3689; x_wconf 88' lang='lat' dir='ltr'><strong><em>nou</em></strong></span> <span class='ocrx_word' id='word_1_296' title='bbox 1149 3647 1321 3690; x_wconf 83' lang='lat' dir='ltr'><strong>constantem.</strong></span> 
     </span>
     <span class='ocr_line' id='line_1_35' title="bbox 221 3702 1324 3775; baseline 0.005 -20"><span class='ocrx_word' id='word_1_297' title='bbox 221 3703 268 3755; x_wconf 86' lang='lat' dir='ltr'><strong><em>sed</em></strong></span> <span class='ocrx_word' id='word_1_298' title='bbox 287 3702 426 3771; x_wconf 77' lang='lat' dir='ltr'><strong>logotheta</strong></span> <span class='ocrx_word' id='word_1_299' title='bbox 445 3706 500 3757; x_wconf 92' lang='lat' dir='ltr'><strong>risu</strong></span> <span class='ocrx_word' id='word_1_300' title='bbox 518 3707 656 3773; x_wconf 86' lang='lat' dir='ltr'><strong>excipiens</strong></span> <span class='ocrx_word' id='word_1_301' title='bbox 675 3714 745 3775; x_wconf 88' lang='lat' dir='ltr'><strong>quae</strong></span> <span class='ocrx_word' id='word_1_302' title='bbox 763 3723 779 3758; x_wconf 88' lang='lat' dir='ltr'><strong>a</strong></span> <span class='ocrx_word' id='word_1_303' title='bbox 796 3724 838 3759; x_wconf 91' lang='lat' dir='ltr'><strong>me</strong></span> <span class='ocrx_word' id='word_1_304' title='bbox 857 3708 919 3760; x_wconf 92' lang='lat' dir='ltr'><strong>huic</strong></span> <span class='ocrx_word' id='word_1_305' title='bbox 938 3710 1056 3762; x_wconf 83' lang='lat' dir='ltr'><strong>studiose</strong></span> <span class='ocrx_word' id='word_1_306' title='bbox 1074 3710 1261 3775; x_wconf 82' lang='lat' dir='ltr'><strong><em>narrabantur,</em></strong></span> <span class='ocrx_word' id='word_1_307' title='bbox 1280 3712 1324 3763; x_wconf 87' lang='lat' dir='ltr'><strong>lc-</strong></span> 
     </span>
     <span class='ocr_line' id='line_1_36' title="bbox 177 3773 1324 3851; baseline 0.005 -28"><span class='ocrx_word' id='word_1_308' title='bbox 177 3786 179 3790; x_wconf 86' lang='lat'>·</span> <span class='ocrx_word' id='word_1_309' title='bbox 221 3773 299 3825; x_wconf 77' lang='lat' dir='ltr'><strong>vitati</strong></span> <span class='ocrx_word' id='word_1_310' title='bbox 319 3782 346 3825; x_wconf 91' lang='lat' dir='ltr'><strong><em>ct</em></strong></span> <span class='ocrx_word' id='word_1_311' title='bbox 364 3776 513 3829; x_wconf 86' lang='lat' dir='ltr'><strong>dilatationi</strong></span> <span class='ocrx_word' id='word_1_312' title='bbox 536 3793 577 3842; x_wconf 88' lang='lat' dir='ltr'><strong>ea,</strong></span> <span class='ocrx_word' id='word_1_313' title='bbox 601 3792 669 3845; x_wconf 87' lang='lat' dir='ltr'><strong>quae</strong></span> <span class='ocrx_word' id='word_1_314' title='bbox 699 3795 734 3830; x_wconf 90' lang='lat' dir='ltr'><strong>ne</strong></span> <span class='ocrx_word' id='word_1_315' title='bbox 753 3781 887 3832; x_wconf 87' lang='lat' dir='ltr'><strong>minimam</strong></span> <span class='ocrx_word' id='word_1_316' title='bbox 905 3782 1012 3848; x_wconf 90' lang='lat' dir='ltr'><strong>quidem</strong></span> <span class='ocrx_word' id='word_1_317' title='bbox 1030 3782 1228 3833; x_wconf 81' lang='lat' dir='ltr'><strong>cunctationem</strong></span> <span class='ocrx_word' id='word_1_318' title='bbox 1247 3792 1324 3851; x_wconf 84' lang='lat' dir='ltr'><strong>pate.</strong></span> 
     </span>
     <span class='ocr_line' id='line_1_37' title="bbox 221 3846 1323 3920; baseline 0.01 -27"><span class='ocrx_word' id='word_1_319' title='bbox 221 3851 331 3909; x_wconf 80' lang='lat' dir='ltr'><strong>rentur,</strong></span> <span class='ocrx_word' id='word_1_320' title='bbox 350 3848 473 3912; x_wconf 84' lang='lat' dir='ltr'><strong>tradidit,</strong></span> <span class='ocrx_word' id='word_1_321' title='bbox 493 3850 577 3901; x_wconf 88' lang='lat' dir='ltr'><strong>donec</strong></span> <span class='ocrx_word' id='word_1_322' title='bbox 596 3849 665 3901; x_wconf 87' lang='lat' dir='ltr'><strong>malo</strong></span> <span class='ocrx_word' id='word_1_323' title='bbox 685 3846 815 3920; x_wconf 85' lang='lat' dir='ltr'><strong>llagraute</strong></span> <span class='ocrx_word' id='word_1_324' title='bbox 839 3852 996 3903; x_wconf 87' lang='lat' dir='ltr'><strong>medicinam</strong></span> <span class='ocrx_word' id='word_1_325' title='bbox 1021 3854 1189 3918; x_wconf 84' lang='lat' dir='ltr'><strong>experiretur</strong></span> <span class='ocrx_word' id='word_1_326' title='bbox 1209 3855 1323 3920; x_wconf 87' lang='lat' dir='ltr'><strong>quidem,</strong></span> 
     </span>
     <span class='ocr_line' id='line_1_38' title="bbox 223 3912 1324 3993; baseline 0.012 -32"><span class='ocrx_word' id='word_1_327' title='bbox 223 3912 271 3962; x_wconf 90' lang='lat' dir='ltr'><strong><em>sed</em></strong></span> <span class='ocrx_word' id='word_1_328' title='bbox 289 3915 456 3985; x_wconf 81' lang='lat' dir='ltr'><strong>intelligeret</strong></span> <span class='ocrx_word' id='word_1_329' title='bbox 481 3937 511 3973; x_wconf 89' lang='lat' dir='ltr'><strong><em>se</em></strong></span> <span class='ocrx_word' id='word_1_330' title='bbox 536 3920 633 3973; x_wconf 80' lang='lat' dir='ltr'><strong>frustra</strong></span> <span class='ocrx_word' id='word_1_331' title='bbox 652 3938 762 3976; x_wconf 87' lang='lat' dir='ltr'><strong>movere</strong></span> <span class='ocrx_word' id='word_1_332' title='bbox 790 3940 858 3992; x_wconf 92' lang='lat' dir='ltr'><strong>quae</strong></span> <span class='ocrx_word' id='word_1_333' title='bbox 879 3926 983 3975; x_wconf 89' lang='lat' dir='ltr'><strong>moveri</strong></span> <span class='ocrx_word' id='word_1_334' title='bbox 1006 3939 1059 3974; x_wconf 87' lang='lat' dir='ltr'><strong><em>non</em></strong></span> <span class='ocrx_word' id='word_1_335' title='bbox 1086 3928 1227 3991; x_wconf 68' lang='lat' dir='ltr'><strong>poteraut?</strong></span> <span class='ocrx_word' id='word_1_336' title='bbox 1245 3934 1324 3993; x_wconf 82' lang='lat' dir='ltr'><strong>atque</strong></span> 
     </span>
    </p>
   </div>
   <div class='ocr_carea' id='block_1_6' title="bbox 222 3988 1324 4108">
    <p class='ocr_par' dir='ltr' id='par_1_6' title="bbox 222 3988 1324 4108">
     <span class='ocr_line' id='line_1_39' title="bbox 222 3988 1324 4105; baseline 0.011 -70"><span class='ocrx_word' id='word_1_337' title='bbox 222 3988 278 4102; x_wconf 55' lang='lat' dir='ltr'><strong>mlum</strong></span> <span class='ocrx_word' id='word_1_338' title='bbox 302 3999 392 4105; x_wconf 54' lang='lat' dir='ltr'><strong>rsursus</strong></span> <span class='ocrx_word' id='word_1_339' title='bbox 407 3993 497 4055; x_wconf 86' lang='lat' dir='ltr'><strong>sensi,</strong></span> <span class='ocrx_word' id='word_1_340' title='bbox 530 4007 628 4059; x_wconf 85' lang='lat' dir='ltr'><strong>paucos</strong></span> <span class='ocrx_word' id='word_1_341' title='bbox 656 3996 846 4047; x_wconf 85' lang='lat' dir='ltr'><strong>hodiernorum</strong></span> <span class='ocrx_word' id='word_1_342' title='bbox 872 3995 1006 4050; x_wconf 88' lang='lat' dir='ltr'><strong>homiuum</strong></span> <span class='ocrx_word' id='word_1_343' title='bbox 1026 3996 1118 4047; x_wconf 79' lang='lat' dir='ltr'><strong>volero</strong></span> <span class='ocrx_word' id='word_1_344' title='bbox 1144 3996 1242 4047; x_wconf 86' lang='lat' dir='ltr'><strong>malum</strong></span> <span class='ocrx_word' id='word_1_345' title='bbox 1261 3996 1324 4063; x_wconf 82' lang='lat' dir='ltr'><strong>pul·</strong></span> 
     </span>
     <span class='ocr_line' id='line_1_40' title="bbox 226 4068 407 4108; baseline 0.039 -7"><span class='ocrx_word' id='word_1_346' title='bbox 226 4068 289 4103; x_wconf 87' lang='lat' dir='ltr'><strong><em>cro</em></strong></span> <span class='ocrx_word' id='word_1_347' title='bbox 320 4071 407 4108; x_wconf 85' lang='lat' dir='ltr'><strong>auare.</strong></span> 
     </span>
    </p>
   </div>
   <div class='ocr_carea' id='block_1_7' title="bbox 226 4126 1324 4291">
    <p class='ocr_par' dir='ltr' id='par_1_7' title="bbox 226 4126 1324 4291">
     <span class='ocr_line' id='line_1_41' title="bbox 323 4126 1324 4222; baseline 0.015 -28"><span class='ocrx_word' id='word_1_348' title='bbox 323 4143 470 4199; x_wconf 81' lang='lat' dir='ltr'><strong>Assccutus</strong></span> <span class='ocrx_word' id='word_1_349' title='bbox 487 4166 552 4217; x_wconf 84' lang='lat' dir='ltr'><strong>ergo</strong></span> <span class='ocrx_word' id='word_1_350' title='bbox 571 4152 744 4220; x_wconf 78' lang='lat' dir='ltr'><strong>Trianopolin</strong></span> <span class='ocrx_word' id='word_1_351' title='bbox 761 4150 913 4222; x_wconf 72' lang='lat' dir='ltr'><strong>Bryeuuius</strong></span> <span class='ocrx_word' id='word_1_352' title='bbox 939 4157 1057 4208; x_wconf 90' lang='lat' dir='ltr'><strong>occurrit</strong></span> <span class='ocrx_word' id='word_1_353' title='bbox 1076 4126 1214 4209; x_wconf 81' lang='lat' dir='ltr'><strong>ordinibus</strong></span> <span class='ocrx_word' id='word_1_354' title='bbox 1233 4157 1324 4211; x_wconf 82' lang='lat' dir='ltr'><strong>fratris</strong></span> 
     </span>
     <span class='ocr_line' id='line_1_42' title="bbox 226 4214 1324 4291; baseline 0.014 -27"><span class='ocrx_word' id='word_1_355' title='bbox 226 4219 254 4265; x_wconf 82' lang='lat' dir='ltr'><strong>at</strong></span> <span class='ocrx_word' id='word_1_356' title='bbox 270 4214 316 4281; x_wconf 81' lang='lat' dir='ltr'><strong>qui</strong></span> <span class='ocrx_word' id='word_1_357' title='bbox 336 4228 394 4265; x_wconf 89' lang='lat' dir='ltr'><strong>cum</strong></span> <span class='ocrx_word' id='word_1_358' title='bbox 421 4232 453 4268; x_wconf 85' lang='lat' dir='ltr'><strong>eo</strong></span> <span class='ocrx_word' id='word_1_359' title='bbox 478 4230 649 4273; x_wconf 81' lang='lat' dir='ltr'><strong>surrexerant</strong></span> <span class='ocrx_word' id='word_1_360' title='bbox 666 4222 830 4291; x_wconf 80' lang='lat' dir='ltr'><strong>Fraugorum</strong></span> <span class='ocrx_word' id='word_1_361' title='bbox 855 4237 883 4279; x_wconf 91' lang='lat' dir='ltr'><strong><em>et</em></strong></span> <span class='ocrx_word' id='word_1_362' title='bbox 905 4228 1095 4280; x_wconf 71' lang='lat' dir='ltr'><strong>Macedonum:</strong></span> <span class='ocrx_word' id='word_1_363' title='bbox 1118 4228 1200 4280; x_wconf 82' lang='lat' dir='ltr'><strong>allata</strong></span> <span class='ocrx_word' id='word_1_364' title='bbox 1219 4237 1281 4282; x_wconf 85' lang='lat' dir='ltr'><strong>tunt</strong></span> <span class='ocrx_word' id='word_1_365' title='bbox 1299 4230 1324 4280; x_wconf 86' lang='lat' dir='ltr'><strong><em>ei</em></strong></span> 
     </span>
    </p>
   </div>
   <div class='ocr_carea' id='block_1_8' title="bbox 0 0 1424 4750">
    <p class='ocr_par' dir='ltr' id='par_1_8' title="bbox 0 0 1424 4750">
     <span class='ocr_line' id='line_1_43' title="bbox 0 0 1424 4750; baseline 0 0"><span class='ocrx_word' id='word_1_366' title='bbox 0 0 1424 4750; x_wconf 95' lang='lat' dir='ltr'><strong><em> </em></strong></span> 
     </span>
    </p>
   </div>
  </div>
 </body>
</html>
