2834 4750
245 189 339 312 ιν
534 240 753 306 urcuneus
784 231 1057 302 ammaonte
1147 213 1151 218 ’
1244 308 1247 316 ,

241 405 284 482 ιῦς
302 405 455 487 βασιλεῦς
476 405 647 487 διοίκησιν,
672 399 766 488 άϊδιηι
794 396 910 473 έλάσας
934 399 1038 483 φυγῇ,
1060 392 1136 469 τοῦς
1157 395 1193 457 δέ
1215 392 1350 469 λοιπσῦς

241 505 382 590 άκμῆτας
405 504 459 570 καί
478 502 531 569 τὸν
552 499 662 584 ἴουχον
679 502 916 583 ἐπανθοῦντος,
939 492 993 574 οῦς
1021 501 1057 561 δὲ
1078 499 1133 561 καί
1153 492 1347 578 προσηβους,

239 607 388 686 ἐκτομίας
423 601 692 688 άπεργασάμενος.
750 602 805 663 καί
836 598 983 682 τὸγένος
1019 598 1124 661 αότοῦ
1151 599 1262 660 τοῦτον
1290 593 1350 660 τόν

238 707 355 789 τρόπον
378 707 615 788 καταστρέψας,
638 695 765 788 άφρονα
783 704 876 784 ζῆλον
898 703 1094 784 προσφέρειν
1113 706 1179 773 τοῖς
1202 706 1350 770 συνετοῖς

163 827 168 832 ·
238 803 359 890 ἔδοξεν,
382 807 580 886 ἐψιλωμένον
601 797 718 866 ἑαυτόν
739 799 895 885 τοσαότης
914 801 1065 884 βοηθειάς
1086 798 1141 860 κατ’
1162 797 1375 882 ουγγενικῆς5

236 907 387 990 βοηθείας
412 905 680 988 ἀπεργασάμενος.

333 1005 461 1087 Ἀμέλει
481 1028 529 1070 τοι
547 1007 603 1070 καί
622 1004 701 1068 κατά
718 1001 775 1086 την
796 1003 888 1067 θείαν
902 1001 956 1064 καί
978 1003 1137 1085 πάνδημον
1157 993 1269 1083 έορτην
1289 1002 1351 1079 τῆς

237 1102 424 1190 ῦπερφυοῦς
448 1103 652 1180 ἀναστάσεως
675 1106 820 1187 Χριστοῦ
840 1107 898 1166 τοῦ
918 1107 998 1166 θεοῦ
1019 1101 1118 1184 ἡμῶν,
1141 1093 1210 1184 ἥτις
1232 1098 1349 1179 πάσχα

236 1205 393 1288 σωτήριον
413 1215 477 1280 τοῖς
499 1203 680 1288 όρθοδόξως
703 1203 872 1282 δοξάζουσι
895 1199 1121 1283 διωνόμασται,
1145 1204 1201 1283 τῆς
1214 1203 1350 1281 βασιλι-

238 1309 294 1388 κῆς
313 1304 587 1387 εῦτρεαιζομένης
615 1304 753 1385 προόδου
791 1299 820 1365 οἱ
850 1305 906 1384 τῆς
936 1295 1053 1384 άγορῦς
1084 1300 1346 1384 προεξόρχοντες,
1360 1319 1389 1370 10

237 1408 340 1470 πέπλα
361 1403 474 1486 σηρικά
507 1405 683 1480 πολυτελοῦς
706 1406 908 1485 έξοφασμένα
938 1406 977 1488 τῇ
1001 1405 1040 1487 γῇ
1063 1396 1347 1482 καταστράοαντες

238 1505 291 1569 όνί
315 1506 420 1568 αῦταῦν
441 1507 502 1569 τσῦν
524 1503 704 1586 ἀνακτόρων
726 1505 821 1585 μέχρι
846 1505 909 1567 τόν
929 1508 985 1567 τοῦ
1006 1500 1181 1583 σεβασμίου
1205 1498 1260 1563 καί
1279 1522 1349 1578 με-

236 1611 343 1688 γίστου
365 1607 444 1667 ναοῦ
479 1607 532 1687 τῆς
560 1606 615 1668 τοῦ
652 1607 730 1683 θεοῦ
755 1601 847 1686 λόγου
881 1602 972 1686 όγίας
994 1603 1113 1688 σοφίας
1137 1601 1266 1677 πυλῶν,
1289 1603 1350 1665 snt

236 1702 357 1778 τούτοις
382 1702 435 1769 τόν
455 1709 591 1786 βασιλέα
614 1704 696 1784 μετά
718 1709 772 1787 τῆς
801 1693 1042 1790 δορυφοροῦσης
1072 1700 1170 1766 αῦτόν
1191 1701 1348 1778 εὐταξίας

238 1807 374 1871 διελθεῖν
398 1803 572 1892 φιλοτίμως
594 1805 864 1888 παρεσκευάκασι.
904 1802 985 1885 μετά
1009 1807 1163 1869 δὲταῦτα
1185 1794 1242 1867 καί
1259 1803 1345 1867 κατά
1357 1827 1384 1877 15

235 1904 291 1989 τὴν
311 1909 385 1970 νέαν
407 1906 561 1990 κυριακην
582 1909 723 1990 έφιίιπου
757 1910 813 1989 τῆς
837 1905 976 1990 προόδου
1002 1905 1206 1990 γεγενημένης
1230 1907 1348 1988 ἐπερτ-

236 2002 431 2070 πετάννυντο
454 1995 515 2069 ὧδε
535 2006 661 2071 κάκεΐσε
684 2004 721 2070 τά
736 2009 892 2090 πολυτελῆ
907 2010 969 2071 ταῖν
992 2006 1190 2092 ὑφασμάτων
1213 2008 1270 2069 καί
1294 2010 1344 2070 τί·

235 2130 303 2190 μια,
323 2105 378 2170 καί
396 2106 509 2187 κόσμος
532 2100 623 2182 ῦλλος
644 2110 756 2197 χρυσῷ
783 2112 837 2172 κατ’
859 2106 990 2194 α’ργόρφ
1012 2107 1258 2190 καταστράπτονν
1278 2132 1344 2170 συ-

235 2211 336 2290 νεχῶς
358 2202 574 2291 ῦπερηρτητο,
603 2208 660 2272 καί
688 2209 752 2272 πάν
784 2207 817 2272 τὸ
845 2212 899 2290 τῆς
927 2210 1044 2291 α’γορῦς
1074 2211 1346 2294 στεφανηφοροῦν
1406 2282 1407 2289 η

157 2303 161 2314 ’
234 2309 290 2374 καί
310 2301 374 2375 οἷον
396 2305 545 2391 ἓορτάζον
572 2306 765 2391 χαρμόσυνό
789 2333 857 2374 τινα
881 2311 941 2399 ,καί
961 2307 1150 2392 σωτηριιόδη
1181 2296 1407 2389 κατελαμφφ

234 2408 386 2494 πρόνετο·
432 2409 450 2491 ἦ
488 2412 523 2473 δέ
548 2408 718 2495 προπομπη
748 2407 919 2497 θαυμαστῇ
948 2412 991 2496 τῷ
1010 2398 1074 2472 ῦντι
1102 2411 1158 2472 καί
1175 2409 1341 2493 βασιλικά,
1405 2495 1406 2498 ¹

235 2507 440 2591 πανταχόθεν
461 2512 634 2594 εὐφημίαις
656 2515 909 2595 συγκροτουμένη
945 2509 1000 2573 καί
1028 2506 1140 2592 χάρισι
1166 2514 1221 2574 καί
1241 2534 1341 2574 παια·
1405 2511 1406 2606 l

234 2616 357 2691 νισμοϊς
382 2612 565 2695 έξαιρομένη
588 2614 644 2695 τῆς
662 2609 781 2719 πόλεως
789 2659 800 2707 ,2
832 2611 914 2695 πλὴν
935 2608 1011 2677 όσον
1039 2609 1074 2675 τό
1096 2612 1154 2675 τοῦ
1175 2610 1340 2693 συνήθους

305 2814 492 2885 όβοηθείας]
515 2803 862 2889 σαοοδάςλεαάρωγῆςλ
970 2818 1011 2869 11.
1032 2812 1139 2889 σνριιιά
1155 2817 1184 2872 0.
1292 2816 1337 2869 16.
1404 2813 1405 2870 l

310 2887 358 2957 ἐφ’
377 2888 468 2941 ἵππου
488 2886 517 2941 (i.
616 2890 659 2942 23.
679 2884 711 2943 τό
731 2897 890 2957 suspectum.

234 3086 328 3143 gentes
349 3084 375 3127 et
395 3079 493 3130 circum
521 3080 630 3146 primam
657 3080 762 3131 barbam
781 3079 922 3143 florentes,
951 3079 1097 3131 nonnullos
1122 3080 1199 3131 stiam
1216 3086 1338 3131 maturos

234 3148 370 3199 iaciendos
390 3158 495 3201 curaret
518 3152 674 3215 eunuchos,
705 3161 732 3202 et
749 3168 834 3219 genus
854 3167 928 3202 suurn
951 3151 1002 3202 hoc
1026 3152 1104 3203 modo
1124 3150 1237 3214 deleret,
1259 3152 1337 3203 insa-

233 3234 293 3269 num
312 3218 424 3270 studium
443 3221 570 3272 adbibere
582 3223 755 3288 prudentibus
775 3225 847 3274 visus
868 3231 917 3286 est,
938 3225 983 3291 qui
1003 3231 1077 3273 tanto
1097 3221 1198 3273 auxilio
1221 3230 1249 3272 et
1267 3236 1336 3290 pro.

232 3289 391 3356 pinquorum
411 3291 505 3358 opibus
524 3308 553 3342 se
574 3294 693 3345 nudaret.

331 3360 454 3412 Attamen
472 3363 550 3412 etiam
570 3364 661 3415 divino
682 3372 707 3415 et
727 3367 857 3417 communi
878 3365 947 3417 testo
967 3366 1134 3417 admirandae
1142 3366 1335 3417 resurrectio.

231 3433 272 3483 nis
294 3430 392 3486 Christi
416 3432 459 3484 dei
478 3434 572 3497 nostri,
595 3436 664 3503 quod
685 3436 782 3501 pascha
801 3437 968 3488 salutiferum
1000 3437 1084 3489 abiis
1104 3439 1149 3505 qui
1168 3453 1250 3505 uerae
1269 3438 1335 3489 fidei

231 3504 328 3563 addicti
348 3512 408 3555 sunt
420 3505 582 3555 nominatum
599 3514 649 3569 est,
670 3523 729 3556 cum
750 3510 826 3577 regia
844 3518 983 3575 pararetur
1001 3523 1105 3575 pompa,
1125 3508 1258 3559 antistites
1281 3510 1335 3560 lori

231 3576 350 3644 stragula
370 3576 461 3627 Serica
481 3577 599 3642 pretiose
618 3585 690 3628 texta
706 3578 776 3629 humi
796 3588 946 3631 sternentes
961 3581 1023 3630 inde
1042 3596 1058 3631 a
1077 3582 1152 3648 regia
1171 3582 1228 3647 ipsa
1247 3596 1335 3648 usque

231 3647 263 3698 ad
286 3656 375 3711 portas
395 3646 558 3700 venerabilis
579 3656 605 3698 et
625 3650 729 3699 maximi
754 3651 846 3717 templi
866 3652 1014 3718 sapientiae
1032 3660 1139 3703 sanctae
1162 3652 1269 3703 divinae
1288 3668 1335 3703 rs-

231 3717 311 3768 tionis
333 3720 359 3767 in
380 3719 420 3770 his
439 3727 468 3771 ut
487 3736 534 3771 rex
555 3737 613 3770 cum
633 3721 725 3771 ordine
742 3722 887 3774 satellitum
909 3738 968 3773 eum
988 3724 1130 3776 comitante
1148 3723 1336 3791 ingrederetur

232 3788 352 3839 certatim
386 3790 540 3842 effecerunt.
590 3792 685 3842 deinde
711 3802 815 3857 autem,
838 3796 916 3845 etiarn
935 3808 1005 3845 nora
1025 3794 1068 3843 die
1092 3794 1160 3845 festa
1180 3810 1237 3844 cum
1258 3795 1335 3861 equis
1362 3841 1366 3849 .

232 3873 329 3925 pompa
349 3859 425 3910 lieret
453 3864 551 3913 circum
574 3864 728 3915 sternebant
752 3865 841 3916 hicet
866 3865 923 3917 illic
942 3866 1061 3933 pretiosa
1079 3866 1184 3917 textilia
1203 3873 1230 3915 et
1248 3866 1334 3916 aesti-

230 3938 321 3993 mata,
354 3937 380 3981 et
400 3939 507 3982 ornatus
525 3932 593 3985 alius
611 3949 675 3987 auro
695 3944 722 3987 et
738 3946 848 4005 argento
877 3936 984 4005 fulgens
1014 3936 1161 3988 eminebat:
1187 3943 1213 3987 et
1240 3951 1334 3987 omnes

231 4002 276 4069 qui
298 4002 325 4051 in
352 4001 409 4052 loro
439 4010 510 4053 serta
539 4005 668 4071 gerebant
695 4009 836 4061 clientum
863 4007 1033 4060 celebrabant
1057 4006 1122 4059 laeti
1151 4015 1178 4058 et
1201 4007 1334 4057 salutares

232 4072 449 4123 ostentabantur:
471 4077 622 4139 prosecutio
643 4085 730 4127 autem
756 4079 917 4131 admirabilis
937 4087 994 4129 erat
1012 4094 1109 4130 revera
1130 4087 1156 4130 et
1173 4079 1258 4145 regis,
1278 4092 1332 4127 uu.

231 4144 311 4217 dique
338 4143 572 4197 acclamationibus
597 4146 724 4214 applausa
752 4158 779 4200 et
804 4152 896 4217 gratiis
922 4158 948 4201 et
970 4150 1116 4218 paeanibus
1145 4150 1216 4204 elata
1240 4148 1333 4213 urbis;
