2834 4750
228 229 301 299 130
518 221 738 294 sufflamus
771 221 1030 292 autumas

227 386 329 453 αάτοῦ
358 386 412 450 καί
438 389 701 470 προεμπλακήναι
734 385 811 468 ήμῖν
842 384 1073 467 παροδεόουστ,
1100 382 1155 444 κατ’
1182 379 1246 442 τοῦ
1267 377 1337 442 τῶν

226 479 413 552 ἑαλωκότων
434 481 592 569 πλήθους,
620 483 664 562 ὥς
691 488 749 549 οάκ
782 479 822 568 ήν
842 488 878 549 ἐν
894 492 960 558 τοῖς
976 479 1118 563 μάλιστα
1140 478 1225 562 μηδὲ
1249 475 1339 560 πρὸς

227 585 304 660 τοός
323 583 436 650 ἑκατόν
457 585 625 664 ἀπουοόζον
646 579 784 668 ἀνδρας·
826 586 872 660 οἷς
893 579 973 649 εἶναι
988 587 1083 665 δήλον
1100 574 1151 644 ότι
1165 576 1203 642 τό
1227 575 1338 659 στρά-

226 708 327 765 τευμα
348 686 473 760 τοότοις
493 686 611 768 σχεδόν
632 682 876 769 ἀνεπαισθήτους
905 683 1167 767 η’κρυτηριλιοται,
1195 679 1270 742 ε’πεί
1291 676 1338 762 τῷ

227 782 314 850 ἔθνει
330 785 434 873 τοότιρ
455 786 550 849 ου’δὲν
571 781 590 867 ή
609 785 744 868 τοιαάτη
761 777 851 867 ἧττα,
874 788 930 848 καί
949 779 1020 847 ium
1035 779 1135 868 ταότη
1155 771 1360 862 παραπλὴ-ῑ,

227 907 305 967 τιτι,
327 886 488 949 δουλάοαι
509 883 717 970 δεδόνηνται·
759 889 877 950 θάττον
893 883 956 967 γὰρ
977 878 1109 955 ἕαυτοδς
1129 873 1336 942 ἀνακαλοῦν-

225 1008 278 1048 ται
297 982 328 1048 αῖ
347 983 615 1068 στρατευόμενοι,
645 989 701 1050 καί
723 979 820 1048 πόλιν
849 987 897 1060 εἷς
921 983 1030 1066 μάχην
1046 982 1336 1044 ἀποκαθίοτανται.

226 1083 281 1148 κατ’
300 1082 352 1148 διὰ
373 1086 468 1148 τοότο
490 1082 525 1149 εἴ
535 1109 593 1159 τις.
605 1085 837 1170 καταλειφθείη
856 1093 956 1168 μοῖρα
972 1083 1156 1163 Ῥωμαίων,
1189 1079 1337 1160 ἀγεννεῖς

226 1179 382 1269 όμφόσεις
411 1184 468 1248 καί
487 1187 650 1260 διαθέσεις
680 1188 797 1250 αάτίκα
824 1188 1059 1268 προσλήψεται,
1080 1183 1135 1264 τῆς
1153 1181 1215 1243 τοῦ
1237 1183 1337 1260 βασι.

227 1287 306 1356 λεόυς
329 1287 385 1348 καί
403 1289 467 1349 ταῖν
487 1290 606 1349 λοιπῶν
624 1288 828 1369 στρατιωτῶν
848 1286 1067 1367 ἀπορραγεῖσα
1084 1281 1238 1360 συνόδου,Ι
1260 1277 1372 1356 ἑξό-ςη

224 1406 292 1463 χαις
314 1386 343 1447 δ’
366 1379 650 1467 ἀναθαρρήσουσιν
681 1383 712 1450 οἱ
742 1390 897 1466 πολέμιοι.
938 1385 995 1446 καί
1023 1376 1146 1468 όσρπερ
1176 1378 1200 1462 't‘
1224 1377 1335 1442 δειλία

225 1487 288 1548 τάν
305 1480 472 1604 Ῥαμαιλρν
492 1491 667 1563 καθίκοιτο,
689 1489 840 1550 τοσοῦτον
858 1490 987 1559 ἐκείνοις
1009 1483 1029 1564 ἧ
1048 1477 1151 1559 τόλμα
1163 1503 1334 1561 προαπαν-

225 1581 336 1665 τήσει·
391 1585 447 1647 καί
473 1585 593 1672 ραδίως
613 1592 678 1650 τοῖν
698 1587 862 1704 ἡμετέρων
891 1583 1162 1704 περιγενήσρνται,
1183 1579 1258 1646 ε’πεί
1279 1577 1336 1641 καί

225 1686 537 1804 πρρειιπεροβημένοι
560 1685 771 1768 τυγχάνουσιν
785 1689 815 1749 οἱ
832 1682 994 1802 Ῥωμαῖοι,
1016 1708 1070 1747 και
1088 1678 1187 1762 μόνον
1208 1677 1335 1750 ου’τους

227 1781 305 1866 δρᾶν
335 1782 411 1858 τούς
437 1789 607 1900 πολεμίρυς
640 1795 729 1849 ποιεῖ
753 1782 807 1849 ότε
836 1785 894 1869 τήν
923 1807 979 1849 του
1008 1771 1195 1866 κρατοῦντος
1227 1775 1369 1896 όρόσιιῡ

225 1884 294 1962 μετ’
317 1881 425 1947 αάτοάν
443 1882 655 1970 γενναιότητα.
697 1891 753 1950 κατ’
771 1885 858 1969 εἴπερ
879 1889 1018 1958 ἐκείνους
1036 1881 1217 1963 τρέψονται,
1236 1874 1334 1964 ἀφυ-

226 2005 297 2060 κτος
320 1982 405 2066 ἡμᾶς
427 1985 647 2067 καταλήψεται
665 1989 854 2061 κι’νδυνος··
877 1986 916 2048 osi
936 1983 997 2068 γὰρ
1021 1985 1061 2048 οδ
1079 1979 1279 2064 μελήσουσιν
1302 2002 1333 2041 οι

230 2086 367 2166 Τοῦρκοι
389 2081 433 2167 μή
455 2084 531 2165 ου’χί
550 2089 767 2170 καταδραμεῖν
788 2090 844 2150 καί
864 2087 956 2168 ήμῶν
975 2087 1031 2149 καί
1046 2088 1135 2166 νίκην
1156 2077 1333 2164 διαβόητον

228 2183 490 2266 ἀπεργάσασθαι,
519 2188 786 2268 διακεκομμένους
817 2183 983 2270 εόρηκότες
1010 2184 1064 2249 καί
1083 2183 1334 2264 διεσκορπισμέ-

114 2329 122 2336 -
227 2305 301 2358 νους
320 2285 358 2370 τῇ
390 2284 471 2367 πρός
503 2286 544 2350 τοὶ
573 2289 673 2350 οἰκεῖα
694 2290 828 2374 σπουδῇ.
876 2287 954 2351 “και“
978 2281 1048 2367 ἀμα
1076 2285 1123 2359 τίς
1148 2282 1166 2365 ή
1191 2280 1371 2364 ἀνάγκηᾍ)

227 2381 318 2470 ἔφην,
338 2379 388 2451 “ul
406 2391 551 2468 βασιλεῦ,
575 2384 622 2451 ἔτι
644 2390 702 2453 τοῦ
723 2386 812 2463 ἔτους
839 2388 914 2469 περὶ
934 2386 1041 2468 ἀτμός
1059 2388 1117 2451 τοῦ
1137 2387 1260 2467 θέρους
1281 2375 1336 2446 όν-

228 2507 283 2563 τος
318 2494 505 2553 καταλιπεῖν
535 2488 609 2562 τοὺς
637 2490 798 2563 ἐναντίους
821 2492 868 2565 εἰς
888 2487 947 2573 τήν
964 2487 1130 2569 Ῥωμαίων
1136 2532 1148 2563 ,
1170 2485 1228 2549 καί
1248 2482 1335 2568 πρός

92 2623 96 2631 =
125 2658 129 2665 ¹
228 2588 351 2663 ἀνίσοις
383 2590 439 2653 καί
462 2588 657 2663 ἀπολαύσεις
675 2584 810 2664 ἑαυτοὺς
829 2592 996 2669 ἐκδοῦναι,
1015 2588 1072 2651 καί
1087 2589 1134 2671 μή
1156 2589 1216 2651 νόν
1237 2606 1336 2649 soso-

298 2762 325 2815 8.
343 2761 421 2815 τοῦ.
513 2762 554 2813 11.
575 2760 706 2817 δὀιοῦ.
726 2779 779 2831 qno
797 2779 852 2816 uon
871 2779 948 2832 opus,
968 2764 994 2818 si
1009 2778 1088 2832 supra
1105 2764 1335 2833 καττλειφδεισα

298 2833 431 2899 posueris.
532 2832 573 2883 17.
592 2849 626 2885 an
650 2829 710 2906 γὰρ
731 2834 946 2907 ἀμελήσουσινῖ

198 3004 209 3021 ·
229 2978 343 3043 secutio,
363 2979 389 3030 id
421 2979 543 3031 timorem
567 2980 601 3032 iis
627 2982 754 3033 correxit.
798 2989 878 3047 utque
896 2980 950 3033 hoe
967 2981 1084 3048 perspici
1112 2985 1201 3046 potest
1230 2994 1265 3029 ex
1279 2992 1331 3041 eo,

229 3052 301 3119 quotl
319 3065 372 3103 nou
391 3049 515 3103 relictum
536 3060 577 3102 est
597 3052 738 3120 quidquam
756 3052 871 3118 praedae
883 3050 944 3115 ibi,
964 3060 991 3103 et
1013 3053 1085 3119 quod
1110 3049 1284 3130 implicarunt
1298 3064 1333 3099 se

119 3118 123 3129 '
229 3122 307 3174 nobis
326 3122 577 3188 praetereuntibus.
597 3131 625 3173 et
644 3140 677 3175 ex
696 3132 833 3191 captorum
851 3122 1021 3175 multitudine
1053 3137 1100 3173 eos
1128 3135 1183 3173 uon
1210 3120 1335 3186 potuisse

228 3195 395 3246 maximone
415 3195 486 3245 circa
505 3202 609 3246 centum
629 3197 735 3261 quidem
754 3209 863 3245 servare
888 3195 972 3257 viros,
991 3195 1028 3243 ita
1044 3200 1074 3243 ut
1092 3191 1210 3274 perspici
1229 3196 1333 3255 posset,

229 3266 376 3317 exercitum
395 3266 437 3317 bis
456 3266 514 3315 fere
533 3267 591 3315 sine
612 3280 693 3316 sensu
712 3264 815 3316 laesum
833 3280 903 3329 esse,
924 3281 983 3316 enm
1001 3264 1064 3314 buic
1090 3264 1166 3331 genti
1191 3259 1260 3323 nibil
1287 3268 1332 3309 ta-

207 3334 264 3388 lis
292 3336 382 3389 clades
402 3344 429 3387 et
448 3343 579 3404 quotquot
597 3335 660 3387 huie
679 3336 779 3387 similes
802 3344 862 3387 sunt
882 3337 1015 3389 subiicere
1038 3336 1185 3399 potuisset:
1214 3330 1333 3383 celerius

231 3407 301 3459 enim
319 3422 349 3459 se
367 3413 498 3457 revocant
516 3406 615 3457 milites
635 3414 662 3456 et
681 3421 773 3458 rursus
794 3407 826 3457 ad
847 3422 964 3474 pugnam
982 3406 1188 3456 constituuntur
1209 3410 1237 3453 et
1246 3415 1331 3467 prop

229 3485 305 3530 terea
323 3479 347 3531 si
366 3476 564 3543 relinqueretur
583 3490 644 3556 pars
665 3476 825 3527 Graecorum
845 3477 981 3543 ignobiles
998 3474 1210 3541 significationes
1228 3481 1257 3525 et
1273 3472 1331 3523 dis-

228 3549 391 3615 positiones.
399 3548 486 3597 statim
505 3547 629 3611 accipiet,
649 3561 665 3595 a
682 3548 756 3613 regis
773 3555 800 3596 et
823 3547 988 3615 reliquorum
1010 3546 1123 3597 militum
1142 3544 1331 3597 coniunctione

230 3618 335 3683 avulsa,
356 3617 435 3670 valde
454 3617 569 3667 animum
588 3617 723 3682 recipient
741 3616 848 3667 hostes.
868 3626 894 3668 et
912 3634 966 3685 quo
984 3619 1067 3684 magis
1086 3618 1196 3684 ignavia
1215 3615 1330 3667 Graecos

232 3697 431 3758 assequeretur,
452 3701 483 3737 eo
503 3688 587 3754 magis
606 3686 663 3738 illis
681 3686 778 3737 fiducia
798 3688 926 3739 obveniet
945 3698 972 3740 et
992 3688 1073 3739 iucile
1090 3696 1198 3739 nostros
1218 3699 1330 3752 superu-

229 3758 313 3823 buut‚
333 3775 393 3811 cum
412 3759 491 3809 etium
511 3766 589 3811 autea
608 3757 702 3809 timore
722 3757 840 3823 perculsi
861 3759 915 3811 siut
934 3760 1029 3813 Graeci
1049 3767 1075 3809 et
1093 3760 1117 3809 si
1134 3758 1330 3810 tantumitleos

231 3796 354 3881 videntes
374 3828 438 3880 lacit
458 3829 558 3894 hostes,
579 3846 638 3881 cum
657 3830 825 3896 imperatoris
845 3845 903 3879 cum
930 3833 996 3897 ipsis
1020 3825 1188 3881 nobilitatem
1213 3828 1328 3880 videam.

230 3907 312 3967 atque
331 3902 353 3954 si
372 3899 461 3953 illos'
454 3917 481 3952 m
501 3901 590 3969 fugam
608 3910 726 3965 vertent,
745 3900 904 3952 inevitabile
922 3917 972 3954 nos
997 3899 1140 3968 occupabit
1164 3898 1330 3965 pericnlum.

231 3986 321 4039 neque
341 3972 410 4023 enim
429 3986 482 4023 non
502 3974 631 4026 curabunt
649 3972 759 4036 luccae,
780 3973 844 4040 quin
862 3973 990 4038 impetum
1015 3973 1116 4023 iaciant
1141 3974 1222 4023 etiam
1240 3975 1331 4020 contra

231 4057 283 4095 uos
302 4051 330 4094 et
347 4044 486 4096 victoriam
505 4044 603 4097 claram
623 4052 771 4111 reportent,
791 4052 932 4112 postquam
949 4058 1000 4095 nos
1025 4042 1142 4096 afflictos
1168 4043 1331 4094 invenerunt

233 4123 263 4173 et
277 4114 405 4169 disiectos
422 4116 509 4169 studio
529 4117 732 4172 domesticarum
752 4131 849 4168 rerum.
887 4124 968 4183 τηατ
986 4114 1076 4180 simul,
1086 4130 1156 4183 quae
1175 4122 1218 4167 est
1230 4124 1329 4167 ινστε-
