2834 4750
518 315 729 388 msroam.
780 307 787 317 '
1099 304 1172 390 ’τοι

45 487 165 574 αδτὴν
191 490 244 568 οἷς
266 483 305 556 δν
328 491 460 568 οἵτινες
482 491 567 575 κριοί
587 493 640 556 καὶ
660 497 836 575 βουκολίων
849 495 960 576 α’γίλαι
979 492 1059 580 πρδς
1077 499 1181 558 τιολω-

42 587 130 666 νοδς
157 582 180 674 ἢ
208 589 399 675 Σεμιράμια
425 595 513 675 τείχη
548 591 606 666 τ’δς
630 593 718 670 ἰδίας·
747 592 1006 675 προσαράττουσα
1027 582 1205 679 κεφαλδὶςς

42 683 250 774 ἢκηφῆνες
272 692 520 774 περιβομβοῦοιν
538 683 657 776 ἄνδρας
677 696 945 780 μιγαντολέτορας.
988 689 1018 755 οῖ
1038 689 1177 777 μὲνγὰρ
1245 757 1248 760 ,
1289 721 1292 726 ·

41 790 108 874 τὴν
132 788 503 875 α”ρχῆνκαταλαβόντες
526 796 568 880 τῷ
589 796 719 873 βασιλεῖ
730 793 952 878 κατεφάνησαν
965 790 1024 875 τήν
1045 795 1179 855 ε’νΒλα-

14 903 33 955 5
44 893 198 972 χέρναις
223 891 515 974 προκαταλαβόντες
540 889 726 976 ἀκρόπολιν,
748 895 805 956 καί
821 915 910 967 τινας
925 887 1180 976 διιροβολιομοδς

44 991 108 1054 καί
131 989 331 1075 προσβολαῖς
355 989 388 1054 ἐκ
408 998 471 1059 τῶν
494 993 593 1072 τόξων
608 992 667 1056 καὶ
680 989 882 1078 πετροβόλων
903 989 1048 1078 δργάνων
1068 987 1180 1075 εἰργά-

44 1113 171 1173 σαντο,
199 1089 347 1174 ἔπραξαν
370 1094 405 1156 δὲ
424 1092 517 1157 οὐδὲν
537 1084 559 1175 τ’)
576 1086 648 1158 ὅσον
671 1087 822 1172 ἐπίδειξίν
836 1115 908 1156 τινα
927 1095 983 1175 τῆς
1004 1093 1179 1173 α’νταρσίας

44 1201 283 1274 προενεγκεῖν.
335 1193 564 1277 δπισθόρμητοι
607 1194 642 1257 δὲ
684 1189 842 1275 γεγονότες
876 1193 1180 1276 τραυματισθέντων

46 1292 109 1356 καί
131 1295 242 1356 τινοῖν
274 1295 307 1372 ἕξ
330 1293 458 1374 αὐτῶν,
492 1297 548 1357 καί
567 1303 631 1369 τοῖς
656 1287 764 1368 ἄλλοις
796 1293 917 1376 τείχεσι
938 1292 1176 1375 πλησιάσαντες,

10 1390 263 1476 ,Οδβριστικάς
295 1386 460 1479 φωνάςῆ
488 1393 655 1477 παροινίας
690 1389 779 1476 παραὶ
807 1399 871 1458 τῶν
897 1393 1032 1458 πολιτῶν
1060 1389 1179 1474 η’νοοτί-

48 1514 170 1574 σαντα,
196 1497 256 1557 καί
276 1493 427 1570 οἷοιυντίοις
450 1497 505 1558 καί
511 1498 626 1568 λίθοις
641 1487 897 1580 οἷαεσοβὴθησαν,
917 1490 974 1556 καί
994 1492 1104 1574 μίμοις
1126 1511 1180 1573 με·

49 1595 158 1656 λείων
196 1592 509 1679 καθυπεβλὴθησαν,
545 1595 601 1660 καὶ
634 1599 691 1680 τῆς
721 1590 944 1679 ἀποκηρύξεως
973 1589 1013 1657 ,δν
1048 1597 1179 1666 πολλοῖς

51 1691 207 1777 ἡμέραις
230 1691 291 1777 πρὸ
327 1697 384 1778 τῆς
421 1696 540 1771 πόλεως
574 1694 923 1778 στρατοπεδευσάμενοι
958 1696 1178 1780 πληροφορίαν

53 1795 253 1870 ε’δὲξαντο.-
276 1787 343 1877 εἶχε
363 1793 424 1879 γαρ
450 1790 595 1890 διίιανταςΙ
621 1795 702 1881 ἔρως
733 1795 888 1879 ἐπιμανὴς
917 1798 977 1859 τοῦ
997 1789 1177 1859 Batavod-

10 1903 44 1957 15
55 1917 132 1978 του,
155 1898 217 1959 κατ’
237 1894 294 1979 τὴν
316 1897 435 1961 ἐκείνου
464 1901 626 1979 βασιλειαν
644 1896 816 1982 ἐπιδημίαν
848 1892 890 1972 οἷς
910 1898 1083 1981 ἐπιδημίαν
1100 1893 1179 1956 deod

55 1997 314 2079 προσεδέχοντο.

172 2099 291 2182 Μηδὲν
321 2099 357 2162 δὲ
388 2101 451 2164 τιὸν
474 2089 516 2164 ὧν
536 2091 717 2184 ἦλαισινό
739 2100 796 2164 τοῦ
818 2098 997 2184 Βρνεννίου
1019 2093 1178 2161 αὐτάδελ-

58 2217 127 2281 φος
146 2192 303 2282 εὑρηκώς,
325 2201 379 2263 καί
398 2198 455 2283 τήν
477 2202 522 2274 εἰς
544 2199 601 2285 τη“ν
621 2199 857 2281 βασιλεύουσαν
873 2197 997 2264 εἴσοδον
1009 2195 1176 2280 ἀπογνούς,

60 2296 288 2384 διεπεραιώθη
319 2300 378 2385 τὴν
405 2301 464 2363 τοῦ
494 2296 586 2385 ἁγίου
618 2299 880 2385 Παντελεὴμονος
909 2301 1070 2387 γέφυραν·
1124 2295 1181 2360 καί

15 2402 208 2479 λαθέμενος
232 2402 264 2464 ἒν
286 2412 351 2476 τοῖς
376 2405 433 2466 τοῦ
454 2405 570 2479 Στενοῦ
595 2407 708 2487 μέρεσι
738 2399 794 2485 τήν
824 2398 1029 2485 παρεμβολὴν
1049 2401 1177 2482 *napit-

60 2504 123 2564 θεν
147 2506 402 2585 συντεταγμένος
432 2500 474 2578 alc
502 2507 547 2591 τῷ
570 2509 700 2586 βασιλεῖ
726 2506 782 2568 καί
801 2510 871 2576 τοῖς»
892 2507 1012 2574 λοιποῖς
1033 2502 1177 2571 πολίταις

61 2602 99 2664 εἰι
124 2594 189 2665 τοῦ
209 2609 393 2690 προφανοῦς
411 2602 653 2689 διοπτικωτερον
674 2600 901 2691 φανησόμενος,
920 2596 978 2667 ’καί
997 2598 1053 2665 τὸν
1074 2593 1177 2663 adsol-

64 2701 191 2788 δελφον
222 2703 397 2791 εὐφημίαις
431 2704 509 2770 nevel
546 2702 705 2791 διαδοχὴν
727 2702 869 2793 ,ἑκάστου
900 2705 999 2787 λόχου
1021 2704 1175 2786 ἐτίμησεν.
1186 2706 1206 2761 l.
1224 2705 1309 2762 mr.

65 3004 155 3051 ventu
173 2998 308 3052 exercitus
323 3000 502 3069 obstupefacti
518 3010 593 3054 sunt:
613 3004 660 3055 sed
679 3003 719 3055 sic
731 3001 881 3055 sentiebant
898 3000 931 3051 de
951 3012 995 3064 eo,
1013 3004 1045 3051 nt
1061 2998 1085 3052 si
1103 2999 1176 3050 arie.

64 3078 108 3123 tes
129 3070 179 3124 vel
207 3070 286 3122 boum
313 3088 411 3141 greges
441 3074 474 3126 ad
501 3074 586 3126 colles
606 3074 653 3125 vel
681 3087 770 3126 muros
790 3071 969 3125 Semiramidis
988 3085 1036 3122 sua
1055 3069 1177 3137 indigent

67 3144 171 3209 capita,
192 3142 237 3194 vel
260 3143 314 3194 luci
334 3146 555 3212 circumstrepant
573 3147 647 3197 viros
667 3146 804 3214 gigantum
824 3143 1002 3195 coniectores.
1042 3142 1087 3208 qui
1107 3142 1177 3192 enim

66 3214 213 3279 imperium
232 3224 393 3281 acceperant
419 3220 477 3284 regi
497 3226 685 3285 apparuerunt,
705 3224 845 3284 postquam
862 3214 1071 3267 Blachernurum
1089 3228 1177 3263 arcem

68 3292 150 3335 antea
172 3295 320 3353 ceperunt,
349 3296 374 3338 et
403 3288 476 3340 levia
494 3289 600 3355 proelia
620 3296 647 3339 et
671 3290 785 3355 impetus
805 3286 918 3339 arcubus
941 3293 968 3337 et
995 3284 1177 3337 instrumentis

67 3356 237 3409 iaculatoriis
264 3368 465 3411 conseruerunt.
519 3366 632 3428 egerunt
649 3369 737 3411 autem
761 3358 830 3409 nihil
849 3359 902 3410 nisi
920 3366 950 3409 ut
969 3357 1176 3408 ostentationem

67 3428 211 3479 seditionis
237 3427 398 3494 proferrent.
443 3432 587 3497 redeuntes
606 3420 723 3495 autem,
750 3446 809 3480 cum
834 3430 913 3481 etiam
938 3425 1062 3479 nonnulli
1091 3427 1176 3477 exiis

67 3496 206 3548 vulnerati
228 3508 326 3561 esseut,
347 3508 373 3554 et
392 3495 503 3569 reliquis
521 3502 660 3554 moenibus
680 3503 924 3571 appropinquantes
944 3498 1074 3565 superbas
1092 3511 1176 3549 voces

69 3567 117 3618 vel
136 3567 249 3628 iniurias
262 3584 296 3618 ex
312 3570 415 3623 civibus
436 3572 604 3637 audiverunt,
620 3582 646 3623 et
661 3573 757 3625 iaculis
776 3572 963 3639 lapidibusque
982 3568 1054 3637 pulsi
1075 3575 1177 3620 suntet
1197 3579 1205 3583 ·

67 3654 118 3705 per
138 3637 283 3691 histriones
302 3640 473 3692 ridiculorum
487 3644 623 3709 depressi:
645 3654 671 3695 et
691 3644 826 3710 repulsam·
847 3645 906 3696 dum
921 3641 1018 3693 multos
1037 3641 1095 3691 dies
1113 3647 1175 3690 ante

70 3711 165 3761 urbem
184 3717 269 3761 castra
289 3718 397 3775 tenent,
423 3722 521 3767 certem
550 3716 626 3766 iidem
647 3725 826 3782 acceperunt·
860 3714 969 3765 tenebat
993 3713 1175 3762 enimomnes

69 3782 166 3848 cupido
187 3781 289 3833 furiosa
307 3782 473 3849 Botaniatae,
495 3794 521 3836 ct
538 3785 612 3837 illius
632 3790 737 3854 regium
759 3787 902 3838 adventum
927 3794 1051 3851 tanquam
1071 3783 1175 3835 adven-

69 3858 124 3902 tum
146 3854 189 3905 dci
210 3853 388 3920 excipiebant.
741 3851 752 3858 ”

169 3941 311 4011 Postquam
331 3951 419 3994 nutem
437 3944 506 3996 nibil
526 3959 632 4008 curum,
654 3962 722 4014 quae
751 3953 916 4012 speraverat,
943 3944 1024 3994 irater
1043 3943 1172 4008 Bryeunii

69 4012 174 4064 invenit
194 4023 220 4065 ct
239 4014 337 4065 aditum
357 4016 383 4065 in
403 4016 495 4067 urbem
509 4018 672 4084 desperavit,
692 4018 798 4068 transiit
816 4018 901 4068 sancti
920 4016 1172 4067 omnimisericordis

71 4091 186 4148 pontem,
208 4094 234 4137 et
251 4088 346 4152 positis
365 4088 393 4138 in
414 4090 596 4155 angustiarum
615 4088 735 4157 pertibus.
753 4089 847 4141 castris
868 4088 1006 4156 praeteriit
1025 4090 1171 4139 instructus

71 4160 101 4202 ut
123 4158 180 4221 regi
206 4164 234 4207 et
259 4160 357 4212 ceteris
388 4160 491 4213 civibus
522 4176 556 4212 ex
579 4168 673 4228 aperto
705 4158 801 4211 elusim
821 4174 996 4222 occursurus,
1017 4167 1044 4210 et
1063 4159 1172 4210 fratrem

72 4221 192 4279 laudibus
212 4237 319 4299 quoque
337 4232 430 4285 ordine
449 4248 479 4286 se
499 4233 650 4301 excipiente
671 4232 793 4285 ornarita
820 4233 967 4302 quodcum
986 4236 1049 4283 nors
1070 4231 1171 4305 feriens
